1934 3278
471 279 526 313 De
551 288 619 313 non
644 276 816 322 parcendo
841 277 878 311 in
904 276 1006 311 deum
1031 275 1325 321 delinquentibus.
1555 275 1640 317 275

141 410 312 462 loquens
345 420 513 461 mamm,
546 409 584 448 et
613 405 733 447 uisus
754 404 844 446 eius
864 403 1004 446 maior
1023 403 1178 446 ceteris.
1209 402 1416 458 uidebam,
1448 406 1487 444 et
1505 416 1639 446 cornu

141 476 251 519 illud
288 475 469 529 faciebat
505 474 658 516 bellum
695 486 790 516 cum
826 473 987 515 sanctis
1032 475 1069 514 et
1107 472 1277 514 ualebat
1317 472 1524 514 aduersus
1554 485 1637 527 eos,

141 546 409 600 quoadusque
440 543 615 586 aduenit
634 545 824 585 uetustus
844 542 1024 597 dierum,
1057 545 1095 583 et
1114 541 1324 583 iudicium
1343 541 1457 584 dedit
1476 542 1640 583 sanctis

141 614 343 656 altissimi
373 613 453 668 dei,
492 616 529 655 et
559 612 822 666 anticipauit
859 614 1032 666 tempus,
1081 614 1118 652 et
1154 623 1332 665 reqnum
1369 610 1640 652 obtinuerunt

105 693 124 719 ⁵
141 684 294 727 sancti.
327 686 367 724 et
395 682 527 724 dixit.-
557 681 687 724 bestia
718 684 875 734 quarta
904 683 1107 734 quartum
1136 693 1312 734 reynum
1333 679 1416 721 erit
1441 679 1492 720 in
1511 682 1639 731 terra,

141 753 250 806 quod
279 752 473 794 eminebit
503 751 648 793 omnia
678 763 810 804 reyna
840 752 880 792 et
907 749 1186 792 manducabit
1225 761 1386 791 omnem
1415 752 1573 791 terram
1601 750 1640 790 et

140 821 399 864 conculcabit
428 833 521 863 eam
551 823 590 861 et
618 820 816 862 concidet.
864 819 1002 860 decem
1032 831 1195 860 cornua
1224 818 1326 870 eius,
1359 818 1496 861 decem
1524 830 1638 872 reyes

140 893 376 945 exsurqent,
407 892 445 932 et
460 891 557 942 post
575 901 642 931 eos
661 890 854 942 exsuryet
874 887 988 929 alius
1009 887 1084 940 qui
1104 887 1321 940 superabit
1343 887 1476 929 malis
1496 899 1638 929 omnes

141 961 215 1014 qui
244 961 344 1001 ante
374 972 467 1001 eum
496 958 683 1011 fuerunt,
716 960 753 999 et
774 960 857 998 tres
877 956 1056 998 humiles
1074 956 1207 1010 faciet
1225 959 1262 998 et
1282 955 1410 997 uerba
1430 956 1638 998 aduersus

90 1033 123 1058 ¹⁰
143 1028 399 1070 altissimum
422 1026 546 1069 deum
579 1028 770 1080 loquetur
798 1029 838 1068 et
865 1029 1033 1068 sanctos
1062 1025 1265 1067 altissimi
1293 1026 1361 1067 dei
1381 1024 1635 1067 inueterabit

141 1100 179 1138 et
207 1096 455 1152 excoqitabit
484 1099 649 1139 mutare
681 1098 866 1148 tempora
895 1098 933 1137 et
965 1094 1107 1149 leyem,
1148 1097 1186 1136 et
1214 1094 1388 1136 dabitur
1424 1094 1473 1136 in
1503 1107 1640 1135 manu

141 1167 231 1207 eius
274 1178 403 1219 usque
443 1165 500 1207 ad
540 1168 700 1218 tempus
740 1167 970 1217 temporum
1007 1167 1044 1205 et
1083 1163 1312 1205 dimidium
1342 1163 1553 1215 temporis
1600 1165 1638 1204 et

144 1235 349 1278 iudicium
377 1234 531 1277 sedebit
559 1236 599 1275 et
628 1246 803 1287 reqnum
823 1233 1067 1286 transferet,
1090 1235 1136 1274 ut
1156 1232 1404 1274 exterminet
1432 1235 1468 1273 et
1486 1232 1641 1284 perdat

142 1317 268 1358 usque
298 1304 355 1346 ad
385 1304 526 1357 finem,
566 1306 606 1345 et
642 1316 819 1357 reqnum
855 1305 892 1344 et
915 1305 1102 1355 potestas
1141 1305 1179 1344 et
1207 1301 1456 1356 maqnitudo
1492 1315 1640 1356 reyum

90 1380 123 1406 ²⁵
141 1373 245 1415 data
275 1376 337 1415 est
365 1373 527 1415 sanctis
564 1372 767 1413 altissimi
801 1371 880 1413 dei.
922 1374 960 1412 et
997 1384 1172 1426 reynum
1202 1372 1292 1413 eius
1323 1372 1637 1425 sempiternum,

141 1445 176 1483 et
202 1455 344 1484 omnes
374 1443 410 1483 ei
441 1442 626 1484 seruient
656 1445 693 1482 et
723 1441 947 1483 oboedierit.

198 1511 351 1552 XXXI.
384 1511 621 1552 Debueram
643 1509 811 1563 quidem
831 1510 995 1551 tantum
1018 1509 1135 1551 illam
1158 1510 1318 1562 partem
1340 1509 1497 1560 indere,
1532 1523 1639 1564 quae

140 1580 183 1620 te
216 1579 402 1620 declaret
432 1592 504 1633 per
537 1579 655 1621 actus
685 1580 793 1629 tuos,
826 1579 992 1620 cuinam
1023 1578 1080 1620 sis
1111 1578 1258 1620 similis
1280 1579 1531 1628 bestiarum3
1565 1580 1638 1622 sed

142 1649 189 1689 ut
220 1648 349 1689 scires
381 1649 422 1689 te
454 1649 495 1689 in
534 1648 608 1689 illa
646 1649 836 1701 gehenna
874 1647 1071 1697 futurum,
1110 1647 1150 1688 in
1192 1660 1274 1700 qua
1313 1649 1490 1689 bestiam
1522 1648 1639 1690 illam

88 1717 314 1758 ,omissam
355 1717 482 1759 refert
521 1717 727 1770 gloriosus
766 1716 956 1759 Danihel.
998 1716 1077 1758 nisi
1108 1716 1149 1758 te
1181 1717 1422 1767 correxeris,
1457 1718 1499 1758 et
1530 1730 1636 1770 quo—

141 1785 264 1827 modo
297 1798 400 1839 quos
430 1785 691 1839 persequeris
729 1785 769 1826 in
814 1785 1028 1827 aeternum
1067 1784 1150 1826 sint
1186 1785 1398 1838 regnaturi
1439 1785 1479 1826 in
1510 1798 1639 1840 regno

141 1854 346 1896 conlocati
379 1854 547 1904 domini,
588 1867 668 1908 quo
701 1853 919 1895 aduertere
950 1866 1108 1907 posses,
1140 1854 1242 1895 haec
1276 1854 1414 1895 omnia
1446 1854 1638 1896 adnecti-

141 1935 245 1964 mus.
298 1923 398 1964 item
442 1922 494 1964 ad
534 1923 610 1965 hoc
644 1923 881 1964 uniuersam
912 1922 1212 1964 reuelationem
1245 1922 1387 1964 censui
1421 1922 1638 1976 adplican-

144 1991 253 2042 dam,
287 2004 366 2046 quo
396 1993 442 2033 tu
471 1992 638 2033 tibimet
668 1992 710 2033 et
741 1991 881 2033 saltim
901 1992 1045 2044 legens
1068 1991 1313 2033 satisfacere
1335 2003 1492 2044 posses,
1527 1991 1638 2045 quod

89 2061 252 2102 ”enim
292 2073 366 2102 uos
403 2060 565 2115 tyranni
605 2060 895 2113 persecutores
935 2059 1002 2100 dei
1040 2059 1253 2112 religionis
1285 2060 1444 2101 bestiae
1477 2060 1638 2101 fueritis

143 2129 267 2177 ‹licti3
314 2128 484 2182 cupiens
518 2128 670 2171 etenim
703 2142 794 2170 sum
825 2141 1004 2182 purgare
1037 2127 1146 2181 apud
1177 2129 1294 2170 tuam
1331 2129 1528 2170 infectam
1559 2142 1637 2170 ue-

142 2198 258 2239 nenis
281 2198 480 2239 Arrianae
505 2197 714 2251 dogmatis
744 2197 1056 2247 conscientiam,
1091 2197 1199 2250 apud
1230 2198 1272 2238 te
1294 2209 1371 2238 non
1394 2197 1638 2251 religiosum

144 2265 217 2306 sed
247 2266 459 2319 religionis
492 2265 818 2316 destructorem,
859 2278 937 2307 non
970 2278 1036 2307 me
1069 2266 1115 2306 ut
1146 2265 1329 2307 adstruis
1362 2278 1454 2307 esse
1486 2267 1637 2307 contu—

142 2333 375 2382 meliosum,
408 2333 506 2387 quia
538 2332 675 2374 dicam
705 2334 747 2374 te
780 2332 911 2374 feram
933 2333 1112 2375 bestiam
1134 2333 1202 2374 uel
1223 2334 1432 2375 inmanem
1454 2334 1636 2383 beluam,

86 2409 236 2443 30011111
268 2402 414 2443 uideas
445 2402 503 2443 sic
535 2414 611 2443 uos
642 2401 839 2449 uocitati,
877 2401 992 2442 iuxta
1030 2401 1144 2442 facta
1183 2402 1326 2443 uestra
1360 2402 1479 2444 uobis
1512 2403 1638 2444 etiam

143 2471 308 2512 nomina
348 2471 568 2524 adplicata.
619 2471 805 2512 ceterum
846 2471 1019 2523 quartae
1059 2470 1172 2511 illius
1212 2471 1371 2511 bestiae.
1410 2471 1451 2511 te
1492 2483 1637 2525 gerere

142 2538 470 2587 similitudinem,
502 2539 543 2581 te
576 2540 678 2580 haec
710 2539 883 2592 implere
917 2551 1007 2579 csse
1030 2538 1265 2591 cupientem
1289 2551 1395 2591 quae
1418 2538 1492 2580 illa
1512 2552 1637 2592 prae—

211 2664 227 2697 1
262 2662 448 2697 uidebatur
478 2667 565 2698 ante
595 2664 660 2698 hoc
693 2664 843 2697 uerbum
879 2674 953 2696 non
988 2663 1223 2707 ‹Iistinquens
1258 2675 1276 2695 r
1415 2663 1436 2696 2
1470 2663 1548 2698 illut

141 2721 163 2754 6
188 2720 364 2754 eminebat
388 2734 431 2756 m.
458 2725 476 2756 1
603 2722 622 2755 7
650 2721 833 2755 concident
858 2720 978 2754 decern
1004 2732 1031 2755 c,
1059 2720 1141 2755 eius.
1168 2722 1297 2755 Decem
1322 2721 1376 2755 sic
1402 2720 1640 2766 distinqucns

143 2788 161 2809 1·
253 2778 274 2811 9
298 2779 367 2812 tres
393 2789 490 2822 reges
515 2779 607 2813 coni.
627 2779 807 2813 Latinius
834 2789 878 2812 m:
895 2789 1026 2823 qraeeo
1122 2777 1162 2811 14
1182 2788 1297 2811 eorum
1322 2787 1440 2822 regum
1459 2778 1545 2812 Lat.

143 2834 184 2867 16
209 2835 363 2869 seruiunt
387 2846 431 2870 m.
457 2838 475 2870 1
595 2835 637 2870 18
662 2834 817 2870 declarat
843 2846 861 2869 υ
992 2835 1036 2869 26
1061 2846 1114 2869 1110
1139 2844 1285 2879 purgare
1312 2846 1330 2869 1·
1463 2838 1548 2879 aput

138 2889 182 2923 27
208 2892 333 2925 arriani
362 2903 378 2925 1·
471 2893 554 2936 aput

1440 2960 1502 2994 18ἐ
