1934 3278
575 205 810 240 uerborum
836 209 880 241 et
905 207 1199 243 locutionum.

143 338 299 370 caecum,
341 330 382 362 ut
425 328 559 362 uideret
596 330 631 363 in
664 340 771 364 auras
803 331 843 364 A.

141 375 218 410 648.
244 383 305 408 nec
322 384 357 408 se
370 374 614 413 adiuueniunt,
634 375 671 409 in
685 385 753 419 quo
773 376 846 410 sint

142 423 310 464 tempore,
354 419 448 454 bruti
488 421 530 454 A.
568 419 646 455 920.
694 421 845 465 ignotus

140 466 316 509 (populus)
344 465 404 499 ubi
431 468 587 499 moretur
612 465 649 501 ΙΙ
676 467 706 509 1,
731 467 753 500 2

97 512 305 547 antithesis:
331 514 471 555 tempus
497 511 597 545 adest
623 511 747 546 uitae
772 523 843 547 cre·
873 542 875 559 Ι

142 557 249 591 dendi
286 558 443 600 tempore
479 557 644 591 mortis
680 557 698 592 I
731 557 785 599 25,
812 558 842 592 9.
873 562 875 573 '

140 603 278 647 expiate
311 601 477 636 malum
503 626 510 634 .
535 626 544 635 .
570 602 791 638 benefactis
825 604 842 638 I
872 583 875 633 ἰ

138 649 193 691 30,
234 648 290 682 20.
342 647 492 681 bibendo
533 649 745 692 superius
783 649 842 683 in·
872 658 874 686 ξ

138 694 278 728 ferior
311 703 332 727 a
362 695 480 727 mente
505 694 640 727 recedis
664 694 702 729 Π
727 695 783 736 36,
809 695 841 729 2.
872 692 873 719 1

139 739 191 773 nil
217 742 361 773 morte
386 739 555 782 proficiet,
583 740 613 772 si
639 740 779 774 uiuus
804 741 841 774 in
871 733 873 783 ,¹

138 784 282 820 Christo
307 785 455 828 negauit
479 785 521 819 A.
546 784 615 819 590

93 831 251 865 anxietas
276 832 315 864 A.
341 830 409 864 802

93 875 291 920 apocrypha
316 875 394 909 loca
417 875 460 909 A.
484 876 553 910 330

93 925 296 966 apostatare
322 920 360 955 ΙΙ
386 921 407 954 9
431 922 541 955 inser.

91 967 273 1011 apostolus
298 966 336 1001 11
364 966 415 1009 17,
443 967 485 1001 13

92 1023 260 1057 apparere
285 1023 365 1047 oum
390 1022 485 1047 nom.
510 1023 539 1048 c.
556 1012 645 1054 infi:
672 1012 840 1046 Siluanus
871 1019 873 1045 2

139 1058 234 1093 unde
251 1058 338 1092 deus
356 1085 365 1096 .
382 1082 390 1090 .
407 1057 575 1109 apparuit
593 1057 693 1092 esse?
710 1058 728 1093 1
748 1058 801 1099 14,
822 1061 839 1093 1
871 1061 873 1094 ἰ

93 1106 218 1149 aptus:
244 1115 298 1138 res
323 1128 335 1136 .
350 1128 360 1137 .
384 1102 552 1138 felicibus
576 1106 662 1147 apta
679 1103 717 1138 II
735 1104 789 1144 21,
808 1105 840 1138 4.
872 1104 873 1118 ¹

137 1160 354 1230 &amquam
366 1149 438 1229 fsit
471 1148 692 1229 {argssibus
717 1154 842 1194 aptum

234 1206 343 1230 unera
381 1205 456 1229 erre
514 1221 521 1229 .

91 1252 167 1276 ara:
208 1241 310 1276 duxit
341 1265 350 1273 .
369 1266 377 1273 .
411 1241 636 1274 mactandum
668 1239 712 1274 ad
744 1251 842 1275 aram
872 1280 873 1291 η

134 1286 174 1322 ΙΙ
198 1287 254 1326 32,
281 1287 334 1321 14.
360 1289 536 1320 mactatus
560 1286 604 1320 ad
621 1297 699 1320 aras
716 1287 758 1320 A.
775 1287 842 1322 515

135 1333 259 1378 (Very.
285 1334 379 1367 Aen.
406 1331 451 1366 ΙΙ
473 1332 557 1375 663)
872 1326 874 1339 “

92 1379 396 1423 archisynagogus
421 1380 463 1412 A.
489 1377 556 1412 645

91 1424 231 1459 ardere:
263 1423 364 1458 ardes
390 1423 541 1467 proximi
567 1423 640 1457 zelo
666 1424 705 1458 11
730 1425 787 1468 23,
814 1427 843 1459 1.
873 1425 874 1428 ’

136 1470 238 1505 ardes
270 1469 406 1504 iniusta
431 1469 528 1503 lucra
555 1470 716 1504 conando
732 1470 780 1515 (?)
806 1470 844 1505 II
872 1464 874 1478 ⁴

91 1561 195 1596 ardor
221 1561 399 1596 lucrorum
426 1560 465 1595 ΙΙ
490 1561 544 1602 23,
570 1560 592 1594 6

90 1607 201 1641 ardua
226 1618 280 1642 res
306 1609 366 1650 (=
390 1606 554 1649 difficile)
581 1608 637 1639 est
661 1607 702 1640 A.
732 1607 794 1641 131
872 1629 875 1655 ι

92 1654 184 1687 aries
208 1653 370 1698 siyillum
395 1651 538 1687 zodiaci
562 1652 580 1686 Ι
606 1652 637 1688 7,
664 1653 706 1686 16

94 1709 211 1732 arma:
237 1699 333 1733 intra
358 1698 424 1732 sub
449 1708 549 1732 arma
575 1696 680 1739 (cod.)
707 1698 725 1733 1
749 1699 805 1738 34,
823 1700 845 1732 8
873 1711 875 1742 ς

90 1755 145 1777 ars
162 1758 206 1774 =
247 1744 408 1781 άναυσος
422 1743 525 1786 τέχνη
552 1743 589 1777 ΙΙ
607 1744 663 1785 31,
680 1744 712 1778 2.
731 1745 783 1778 11.
800 1764 845 1769 —
874 1760 875 1771 ¹

137 1805 179 1820 =
223 1801 328 1825 raus:
353 1801 393 1824 ex
409 1792 485 1823 arte
502 1794 559 1830 (=
574 1799 642 1832 per
656 1789 842 1834 fraudem)
872 1786 875 1822 l

139 1835 200 1880 qui
226 1836 332 1870 fincte
357 1835 518 1879 loquitur
543 1834 562 1869 1
593 1835 643 1876 19,
670 1835 693 1870 4

93 1881 282 1924 artatio(‘?)
310 1881 328 1917 I
353 1882 408 1920 41,
434 1881 455 1914 9

93 1937 180 1961 arua
203 1941 248 1957 =
274 1931 375 1962 terra
399 1926 588 1960 continens
613 1927 654 1960 A.
679 1926 724 1961 35

94 1982 153 2006 as:
180 1983 242 2008 nec
268 1973 356 2007 facit
381 1971 545 2006 heredem
570 1971 676 2006 illum
701 1982 743 2006 ex
768 1982 844 2006 asse

136 2028 281 2052 suorum
307 2020 350 2052 A.
376 2017 442 2052 723

90 2063 276 2098 ascendere
300 2063 435 2098 caelum
460 2062 479 2097 Ι
504 2063 536 2103 6,
560 2062 606 2097 22

92 2109 221 2142 asciam
255 2108 326 2143 sibi
350 2110 456 2151 figere
480 2109 517 2147 in
543 2119 643 2142 crure
676 2107 694 2142 Ι
719 2109 776 2151 23,
803 2109 843 2151 5;

141 2154 188 2196 cf.
214 2158 398 2190 comment.
872 2154 875 2195 ,l

91 2201 246 2244 aspicere
271 2211 353 2235 aues
380 2200 397 2235 I
421 2199 477 2240 22,
503 2199 535 2234 2.
560 2219 606 2224 -
629 2199 783 2244 aspicere
800 2200 844 2234 ad
872 2202 875 2232 ὲ

139 2259 182 2276 =
209 2245 410 2281 adtendere
434 2246 597 2279 animum
624 2244 690 2278 ad:
717 2246 844 2289 aspicis
872 2246 875 2280 l

136 2292 180 2325 ad
205 2294 367 2326 uentrem
393 2291 411 2326 I
435 2290 491 2331 23,
520 2291 570 2324 12.
601 2310 646 2315 -
670 2305 714 2319 .-=
732 2293 843 2335 respi-
872 2281 875 2325 l

138 2347 234 2372 cere:
261 2337 391 2382 aspicis
417 2337 530 2380 legem
559 2336 573 2370 I
600 2338 654 2377 33,
680 2338 712 2370 4.
751 2338 843 2380 aspi·
872 2329 875 2382 ἶ

136 2383 248 2428 c<it)e
274 2383 440 2427 quoniam
466 2384 507 2416 A.
533 2383 573 2416 31

91 2426 186 2472 aspis
210 2429 358 2473 yeneris
382 2428 545 2470 masc.(?)
572 2426 607 2462 11
632 2427 663 2468 9,
696 2428 734 2461 19

89 2478 207 2508 astra:
241 2475 286 2509 ab
311 2475 418 2509 astris
444 2473 460 2508 1
487 2474 518 2515 7,
543 2474 576 2507 9.
607 2473 649 2506 A.
678 2473 775 2507 1007.
799 2492 844 2499 -—-
872 2479 874 2506 i

144 2529 205 2562 per
229 2523 326 2554 astra
350 2522 391 2554 A.
417 2520 495 2554 903.
521 2538 566 2544 -—
589 2517 654 2552 sub
670 2518 777 2553 astris
802 2519 843 2552 A.
872 2519 874 2547 l

96 2610 305 2653 asyndeton
341 2611 551 2646 uerborum:
592 2609 664 2643 alia
699 2609 843 2644 nouitas

136 2656 235 2698 caeli,
252 2660 367 2692 terrae
384 2657 550 2702 perennis
570 2655 608 2691 11
625 2655 658 2697 4,
679 2655 732 2689 10.
758 2654 842 2689 sim-

136 2702 291 2745 plicitas,
310 2702 452 2737 bonitas
478 2701 516 2737 ΙΙ
533 2701 590 2744 39,
607 2702 640 2736 3.
666 2701 722 2735 cui
739 2700 842 2735 Sum-

137 2757 215 2781 mus
237 2748 399 2789 diuitias,
425 2749 575 2782 honores
592 2745 732 2781 addidit
748 2745 841 2780 altos
870 2750 873 2780 1

138 2794 179 2826 Α.
197 2794 254 2827 26.
279 2794 479 2828 nutriretur
504 2793 618 2834 melle,
646 2792 774 2837 butyro
799 2794 841 2827 A.

1579 211 1660 254 199

953 330 995 364 de
1021 331 1123 365 bellis
1147 341 1268 366 eorum
1303 333 1346 368 A.
1370 333 1449 367 536.
1498 332 1572 367 dies
1599 333 1657 368 de-

955 376 1146 419 testabilis,
1173 376 1300 412 ardens
1326 380 1368 411 Α.
1395 378 1492 413 1000.
1519 399 1565 404 -
1589 379 1657 413 ter-

953 420 1072 456 ribilis
1080 423 1207 464 omnis,
1220 422 1335 465 stulti,
1350 423 1544 467 septizonio
1553 424 1658 458 fortis

952 466 970 501 Ι
1005 467 1035 509 7,
1072 468 1124 504 14.
1163 478 1263 502 mane
1287 469 1395 509 ebrio,
1422 470 1539 510 crudo,
1566 470 1656 513 peri-

952 516 1034 546 turo
1067 513 1083 547 I
1120 513 1170 553 19,
1205 513 1236 548 3.
1289 514 1380 547 bella
1411 515 1467 547 uel
1500 514 1656 555 infanda,

952 558 1102 600 fraudes,
1129 569 1209 592 cuin
1235 560 1410 604 sanguine
1436 560 1532 594 furta
1557 559 1575 594 I
1601 561 1656 601 26,

951 604 1006 638 11.
1055 603 1144 638 inibi
1177 614 1249 638 non
1275 605 1408 649 pluuia,
1442 615 1513 639 non
1540 605 1654 650 frigus

950 650 987 683 in
1012 659 1118 684 aurea
1143 652 1270 691 castra,
1294 649 1450 684 obsidiae
1475 650 1593 685 nullae
1619 651 1656 685 ΙΙ

949 694 982 735 3,
1001 694 1044 728 12
1062 705 1112 740 sq.
1147 706 1207 740 per
1224 695 1408 730 duodecim
1421 695 1519 730 milia
1538 696 1656 730 stadia

951 741 1034 781 lata,
1050 741 1167 785 longa,
1178 742 1228 775 sic
1240 741 1314 776 alta
1326 741 1365 776 II
1379 742 1411 783 3,
1427 742 1478 776 16.
1496 742 1656 786 impiam,

949 786 1152 828 indocilem,
1181 787 1295 821 ferina
1312 787 1388 821 uita
1407 787 1588 821 uiuentem
1616 787 1653 822 II

953 831 1004 872 10,
1031 831 1062 866 9.
1096 835 1210 867 rectos
1229 832 1341 874 corde,
1360 832 1479 873 bonos,
1506 832 1652 867 deuotos

949 877 1021 921 legi
1055 877 1199 911 diuinae
1231 877 1269 912 11
1302 879 1355 920 15,
1381 878 1435 912 12.
1482 883 1536 912 est
1561 878 1656 912 Deus

950 923 1184 967 omnipotens,
1203 934 1304 966 unuS,
1322 933 1344 957 a
1360 926 1471 957 semet
1488 923 1564 967 ipso
1585 934 1656 957 cre-

952 971 1033 1002 atus
1058 970 1100 1002 A.
1126 968 1182 1003 91.
1218 968 1352 1011 insciis,
1371 969 1533 1010 indoctis,
1553 969 1655 1013 igno-

949 1015 1112 1048 rantibus
1130 1015 1220 1049 talia
1238 1013 1382 1058 fingunt
1397 1015 1440 1049 A.
1453 1014 1530 1049 458.
1556 1025 1655 1048 man—

950 1061 1072 1101 suetis,
1098 1059 1306 1102 humilibus,
1343 1059 1510 1104 obsequio
1543 1060 1655 1104 plenis

950 1105 1105 1139 alumnis
1131 1106 1172 1140 A.
1190 1106 1269 1140 Ι133.
1296 1116 1356 1150 per
1374 1116 1480 1146 mare,
1507 1116 1568 1149 per
1586 1109 1653 1139 ter-

950 1152 1318 1238 {33035‘133532113
1336 1150 1654 1247 ῗῗρᾗᾶξῗῗ-ἒζ

952 1241 1006 1275 12.
1031 1241 1179 1276 subdola
1195 1253 1283 1287 gens
1301 1247 1430 1282 autem,
1456 1240 1652 1287 noxi(os)a.

951 1287 1095 1331 perfida,
1114 1298 1224 1331 praua
1240 1287 1258 1322 I
1276 1288 1329 1329 28,
1348 1287 1381 1322 3.
1407 1287 1652 1331 ignominiosi,

951 1333 1121 1371 crudeles,
1146 1334 1251 1374 caeci,
1277 1333 1421 1377 superbi
1445 1333 1488 1367 A.
1513 1332 1591 1367 479.
1609 1352 1654 1357 —

872 1399 875 1421 ς
943 1377 1144 1423 asyndeton
1151 1379 1415 1413 sententiarum
1426 1389 1435 1411 z
1448 1378 1654 1422 sublapsum

950 1426 1155 1504 33319fts¹1³⁸
1172 1424 1548 1514 ἒῗίἳῗξῖᾈ-ῗὶῗῗὲἓὲἷέ
1561 1423 1653 1503 ἓξὲξ·

1138 1495 1145 1511 ,
1219 1496 1226 1503 .
1280 1486 1288 1503 )
1639 1488 1653 1493 -

952 1526 1045 1555 nare,
1071 1515 1196 1549 ceteris
1223 1515 1330 1550 audet
1355 1515 1373 1549 Ι
1402 1515 1452 1555 19,
1472 1514 1504 1548 9.
1529 1524 1654 1558 corpus

951 1563 1099 1595 uexatur
1116 1561 1353 1606 gemiturque,
1378 1561 1538 1605 ploratur
1564 1559 1581 1594 l
1598 1560 1654 1600 26,

952 1607 1004 1642 12.
1046 1607 1202 1648 rassaris,
1217 1606 1365 1649 insanis,
1376 1606 1551 1640 detractas
1564 1615 1656 1639 nunc

950 1656 987 1687 et
1047 1652 1077 1686 ei
1102 1663 1226 1687 nomen
1262 1652 1280 1687 I
1312 1651 1366 1693 28,
1394 1651 1448 1685 11.
1496 1649 1652 1689 bellaris,

950 1698 1087 1733 insanis
1112 1697 1131 1732 Ι
1155 1698 1211 1740 33,
1227 1698 1259 1733 3.
1298 1697 1470 1738 ululatur,
1495 1696 1655 1741 ploratur

950 1743 989 1778 II
1013 1743 1046 1785 2,
1073 1743 1104 1777 7.
1136 1743 1167 1784 7,
1195 1744 1237 1778 15
1261 1754 1337 1788 sqq.
1371 1744 1426 1784 12,
1451 1743 1472 1776 6
1497 1753 1550 1786 sq.
1598 1751 1653 1776 ex-

951 1800 1062 1830 curre,
1096 1788 1231 1830 labora,
1263 1792 1360 1830 suda,
1392 1799 1471 1823 cum
1498 1787 1653 1822 tristitia

951 1846 1070 1879 pugna
1094 1834 1132 1869 ΙΙ
1159 1835 1212 1876 17,
1231 1834 1285 1869 17.
1322 1833 1508 1878 respuistis
1526 1833 1652 1876 legem,

951 1880 1123 1914 mauultis
1141 1879 1271 1915 inundo
1290 1880 1433 1924 placere,
1451 1879 1595 1913 saltatis
1615 1877 1651 1911 in

950 1926 1135 1967 domibus,
1185 1937 1248 1970 pro
1328 1925 1450 1959 salmis
1498 1923 1652 1958 cantatis

949 1982 1085 2006 amores
1122 1970 1161 2005 11
1196 1971 1249 2013 19,
1283 1972 1300 2005 1
1350 1981 1401 2015 sq.
1449 1981 1486 2004 os
1511 1969 1652 2007 laceras,

951 2018 1075 2051 tundis
1101 2018 1231 2061 pectus,
1266 2017 1482 2051 uestimenta
1514 2014 1650 2049 diducis

893 2083 898 2087 ·
951 2063 989 2098 11
1014 2063 1070 2104 32,
1095 2065 1128 2096 3.
1175 2065 1320 2097 tenente
1345 2061 1571 2106 principium,
1598 2060 1648 2093 ui-

951 2108 1058 2142 dente
1084 2110 1211 2141 cuucta
1235 2108 1275 2141 de
1301 2107 1394 2142 caelo
1419 2106 1531 2145 1139,
1549 2105 1580 2141 2.
1607 2107 1650 2140 A.

953 2154 1029 2188 172.
1062 2153 1140 2187 212.
1172 2154 1252 2187 416.
1278 2153 1354 2188 746.
1378 2153 1458 2187 331.
1486 2151 1583 2186 1009.
1608 2169 1653 2175 --

949 2198 1153 2242 asyndeton
1180 2209 1251 2242 pro
1286 2199 1369 2240 iam,
1403 2200 1481 2232 tum
1511 2200 1650 2231 antece-

949 2244 1055 2279 dente
1067 2245 1307 2288 imperatiuo:
1325 2242 1480 2287 undique
1494 2245 1529 2276 te
1546 2241 1651 2276 redde

950 2293 1083 2331 tutum,
1115 2295 1197 2324 tuos
1222 2299 1376 2333 quoque:
1411 2287 1532 2323 uicisti
1555 2286 1594 2322 II
1619 2287 1651 2327 9,

953 2336 1012 2378 123
1038 2336 1086 2377 cf.
1112 2334 1149 2369 11
1177 2335 1206 2373 τ,
1237 2335 1276 2369 18

873 2405 874 2412 ¹
903 2394 1062 2426 attamen
1090 2392 1125 2426 11
1151 2395 1182 2432 3,
1210 2394 1241 2426 2.
1270 2392 1321 2431 10,
1347 2391 1369 2424 6

873 2467 874 2470 =
903 2449 1094 2483 attractio:
1119 2448 1256 2483 duceris
1282 2458 1351 2491 quo
1377 2450 1435 2487 (=
1455 2457 1495 2480 eo
1512 2446 1590 2487 ubi)
1616 2448 1651 2479 te

950 2495 1109 2539 paenitet
1133 2504 1205 2528 esse
1232 2493 1249 2528 1
1273 2494 1331 2535 29,
1357 2492 1399 2526 16

872 2554 874 2586 Ι
903 2554 1027 2586 auctor
1051 2565 1093 2581 =
1121 2551 1293 2595 scriptor:
1319 2548 1442 2584 Esaias
1467 2548 1590 2584 doctor
1616 2552 1651 2582 et

948 2600 1070 2631 auctor
1096 2596 1132 2631 11
1160 2598 1212 2637 19,
1238 2597 1259 2630 3

903 2653 1041 2689 auferre
1064 2667 1109 2683 =
1133 2663 1318 2688 amouere:
1356 2650 1492 2686 abstuli
1510 2661 1564 2686 me
1581 2649 1599 2685 Ι
1619 2651 1650 2688 1.

948 2699 981 2734 6.
1008 2718 1046 2724 —-
1078 2699 1210 2733 auferri
1236 2712 1281 2729 =
1301 2698 1525 2743 praeterire:
1562 2699 1651 2730 tem-

948 2755 1029 2789 pore
1055 2747 1190 2788 partito
1218 2746 1410 2779 miseratus
1435 2747 1490 2777 est
1507 2741 1650 2776 tandein

948 2790 1070 2826 ablato
1096 2792 1137 2826 A.
1166 2790 1231 2825 184

139 2838 218 2872 409.
267 2842 303 2873 et
336 2839 423 2873 scire
454 2840 496 2874 de
522 2838 679 2880 uitiis(‘?)
707 2848 840 2882 regum,
869 2801 873 2875 1
900 2840 1032 2881 augere
1058 2836 1099 2871 A.
1126 2835 1191 2871 607
