1934 3278
259 285 341 326 298
918 282 1114 317 Luciferi

259 409 401 463 pulsos
432 408 652 452 reseruari.
688 421 711 449 a.
743 408 820 449 deo
852 420 951 449 uero
985 408 1185 448 damnari.
1220 409 1410 450 nouimus
1444 410 1554 463 quod
1587 410 1642 452 sis
1673 422 1767 451 me-

259 480 404 522 tuens,
445 490 494 518 ne
525 477 565 518 in
599 477 788 517 omnibus
820 476 883 517 his
919 476 1063 529 poenis
1100 477 1174 518 tua
1214 476 1543 519 detestabilitate
1582 478 1765 520 inuentis

258 548 297 587 in
331 548 408 588 hac
441 545 755 599 perseuerantia
786 545 885 586 fidei
917 545 1163 597 moriamur,
1207 546 1247 586 et
1277 546 1420 587 tamen
1455 547 1655 588 admones
1686 560 1764 589 ua-

259 616 342 656 rios
377 615 584 667 durosque
618 614 842 654 cruciatus.
878 614 934 654 sic
969 626 1042 655 nos
1075 626 1176 667 quos
1208 614 1294 655 tam
1326 615 1474 656 infeste
1500 617 1763 669 persequeris

258 684 373 725 uarie
408 682 690 724 excarnificari
724 683 843 735 cupis
868 684 908 722 et
931 682 1099 735 quidem
1131 684 1353 725 momentis
1387 684 1599 732 omnibus;
1631 685 1764 726 inter-

260 752 459 793 ficiendos
492 764 590 792 uero
623 764 699 791 non
735 763 826 791 esse
860 750 1057 793 statuisti.
1090 751 1306 804 tamquam
1329 764 1441 793 mors
1470 752 1760 795 tantummodo

258 822 403 862 beatos
445 821 599 861 milites
633 820 787 861 Christi
827 820 956 860 faciat
998 832 1042 860 ac
1086 833 1165 861 non
1206 820 1331 861 etiam
1368 821 1577 862 tormenta
1609 822 1762 875 quanto

258 890 413 931 luerint
453 890 645 942 grauiora
684 890 800 929 tanto
833 889 1034 929 maiorem
1066 889 1233 930 uirtutis
1264 889 1441 943 gloriam
1472 890 1646 943 pariant.
1700 891 1764 932 et-

260 959 478 1015 enim‘fqui
517 959 710 1000 nouimus
751 958 936 999 iustitiae
978 958 1251 1011 copiosiorem
1293 972 1383 1001 esse
1421 959 1553 1000 uitam
1587 971 1632 1000 ac
1666 972 1763 1012 pro-

260 1029 449 1069 lixiorem
498 1029 536 1069 in
576 1028 656 1069 isto
697 1027 795 1068 belli
845 1039 990 1079 eampo
1033 1040 1111 1068 non
1153 1028 1272 1081 terga
1310 1028 1534 1078 uertimus,
1584 1040 1663 1069 non
1712 1028 1764 1069 ad

259 1098 395 1138 eastra
429 1098 501 1138 tua
535 1097 601 1137 dei
636 1096 767 1137 hostis
799 1096 1021 1137 transitum
1054 1096 1242 1138 facimus.
1278 1096 1350 1138 sed
1374 1097 1509 1150 magis
1530 1097 1637 1137 inter
1660 1098 1762 1138 haec

261 1180 282 1206 a
314 1167 355 1206 te
390 1166 518 1206 inlata
552 1165 676 1206 exitia
708 1165 831 1217 positi
866 1164 932 1205 dei
975 1165 1096 1214 ouili,
1139 1165 1247 1206 unde
1288 1166 1329 1206 te
1370 1166 1537 1218 raptum
1579 1165 1766 1218 possidet

260 1235 464 1279 diabolus.
498 1234 803 1287 repraesentari
837 1234 1040 1287 cupimus.
1086 1235 1125 1275 et
1155 1235 1295 1275 tamen
1330 1247 1375 1276 eo
1408 1235 1510 1277 haec
1547 1234 1651 1283 dico,
1686 1246 1763 1276 non

260 1305 304 1345 ut
327 1304 444 1345 nobis
467 1316 638 1356 parcas:
672 1303 858 1343 inuenies
889 1303 1040 1343 etenim
1074 1303 1331 1345 Christianos
1363 1316 1436 1345 nos
1470 1316 1572 1347 esse,
1605 1304 1651 1344 ut
1680 1303 1764 1343 iam

259 1385 361 1425 quos
393 1372 638 1413 interfecisti
672 1371 867 1412 inuenisti
899 1372 938 1412 in
971 1371 1053 1412 fide
1088 1371 1272 1414 stabiles.
1306 1373 1346 1412 in
1372 1372 1513 1414 dolore
1535 1373 1756 1426 patientes,

257 1442 295 1481 in
332 1441 573 1494 quaestione
596 1441 790 1491 uictores,
823 1453 895 1494 per
925 1441 1043 1481 illum
1077 1441 1238 1482 scilicet
1271 1442 1339 1494 qui
1373 1441 1630 1484 confessores
1663 1454 1758 1484 suos

261 1523 337 1551 non
372 1510 538 1552 deserit.
573 1510 691 1550 euius
725 1523 796 1551 nos
829 1510 983 1550 milites
1018 1511 1302 1563 agnoscentes.
1346 1512 1391 1551 ut
1424 1510 1622 1562 aduerffis,
1657 1524 1758 1552 con-

258 1579 471 1629 gredimur
493 1579 664 1620 fortiter.
700 1579 946 1620 dimicamus
969 1580 1219 1620 constanter.
1255 1580 1410 1621 scimus
1435 1580 1542 1621 enim
1563 1592 1760 1634 magnam

262 1661 352 1690 esse
387 1649 636 1692 claritatem.
670 1648 901 1689 inmensam
935 1648 1235 1689 sublimitatem
1270 1660 1314 1689 ac
1351 1649 1605 1702 singularem
1638 1661 1762 1690 sanc-

260 1718 426 1758 titatem
475 1717 606 1757 uitam
654 1717 802 1758 salutis
853 1717 1047 1759 aeternae
1090 1717 1309 1758 honestate
1360 1718 1565 1770 passionis
1612 1730 1758 1759 ornare

261 1787 484 1827 maximam
520 1798 610 1827 esse
645 1786 906 1827 nobilitatem
938 1786 1160 1839 potestatis
1191 1786 1288 1827 tuae
1328 1787 1536 1828 tormenta
1573 1787 1762 1828 contem-

262 1868 357 1896 nere
391 1867 464 1895 nec
500 1856 681 1903 horrere,
716 1854 880 1895 calcare
911 1854 952 1894 te
986 1866 1059 1894 nec
1100 1854 1215 1895 tuam
1255 1854 1413 1895 rabiem
1452 1854 1762 1908 pertimescere,

262 1924 330 1976 qui
352 1924 393 1964 in
414 1923 656 1964 innocentes
678 1923 762 1963 tam
797 1922 942 1963 rabide
976 1922 1127 1964 saeuis.
1161 1922 1229 1975 qui
1263 1935 1356 1963 cum
1390 1923 1446 1964 sis
1478 1923 1763 1976 blasphemiae

262 1993 303 2033 et
333 1992 562 2033 iniustitiae
597 1993 637 2031 et
667 1991 796 2032 totius
828 1990 1092 2031 crudelitatis
1126 1991 1282 2037 doctor,
1316 1991 1455 2033 tamen
1482 1991 1763 2033 Christianum

261 2062 301 2102 te
334 2062 448 2114 pium
479 2060 727 2114 prudentem
761 2059 884 2112 atque
913 2059 1069 2100 iustum
1090 2060 1225 2101 uideri
1247 2072 1367 2113 posse
1392 2072 1577 2105 censeas.
1612 2073 1763 2102 caecus

263 2130 304 2170 et
334 2130 462 2171 hebes
497 2130 537 2169 et
569 2129 760 2170 ueritatis
793 2128 973 2181 ignarus.
1029 2127 1220 2178 aduerte,
1262 2128 1429 2170 uorator
1467 2129 1762 2172 innocentium.

263 2198 375 2251 quod
407 2198 445 2239 in
481 2210 560 2251 quo
594 2197 784 2239 Christus
819 2196 964 2249 uigilet
994 2196 1105 2237 uinci
1135 2197 1219 2238 tuis
1250 2197 1468 2238 tormentis
1501 2210 1579 2239 non
1619 2197 1762 2250 possit,

263 2268 416 2308 famem
449 2267 604 2309 uincat.
647 2266 758 2306 sitim
793 2266 972 2318 spernat.
1015 2265 1251 2318 squalorem
1285 2266 1465 2307 carceris
1499 2266 1539 2307 et
1568 2266 1762 2319 recepta—

263 2336 345 2376 culi
393 2335 575 2388 poenarii
616 2335 827 2376 horrorem
875 2334 1032 2375 roboris
1072 2334 1135 2375 sui
1182 2334 1324 2387 uigore
1373 2334 1551 2387 subigat,
1601 2347 1764 2375 omnem

263 2404 399 2445 calcet
430 2416 619 2457 poenam.
653 2404 825 2444 cunctos
855 2403 1044 2444 conterat
1076 2403 1303 2444 crucitatus
1336 2415 1409 2444 nec
1432 2404 1607 2444 mortem
1640 2415 1764 2456 quam

261 2474 304 2512 tu
340 2484 491 2525 magno
525 2472 615 2513 nisu
648 2472 852 2512 minitaris
883 2472 1032 2512 inferre
1060 2472 1233 2512 metuat.
1269 2484 1463 2524 superare
1486 2471 1527 2511 te
1552 2471 1763 2512 existimas

264 2541 379 2581 illum
422 2542 490 2593 qui
532 2541 768 2581 meminerit
808 2541 1032 2593 scriptum:
1080 2541 1181 2593 quid
1221 2541 1450 2582 retribuam
1481 2541 1649 2582 domino
1679 2553 1763 2593 pro

400 2643 441 2676 18
468 2643 568 2687 Cypr.
602 2654 679 2686 app.
719 2642 768 2676 III
793 2643 848 2686 34,
884 2643 926 2677 13
954 2654 1002 2687 sq.
1142 2642 1186 2676 28
1212 2642 1312 2687 ijr.
1346 2640 1379 2675 11
1405 2641 1481 2683 578,
1510 2642 1552 2675 14
1578 2653 1627 2686 sq.

263 2698 307 2731 32
333 2698 390 2732 Ps.
417 2700 493 2740 115,
520 2700 549 2733 3.
577 2700 607 2734 4.
634 2700 653 2732 6
678 2699 795 2743 (LXX)

331 2790 353 2821 4
378 2790 547 2823 cruciatos
642 2791 662 2824 9
689 2790 915 2834 cupiosiorem
1018 2790 1060 2824 16
1087 2790 1265 2834 questione
1360 2790 1401 2823 21
1429 2791 1672 2834 contempnere

263 2845 307 2879 22
323 2845 461 2879 horrere
487 2847 619 2880 calcare
645 2857 719 2880 non
746 2848 833 2882 (list.
858 2859 878 2882 υ
972 2846 1015 2880 23
1040 2846 1183 2881 rabidae
1276 2846 1477 2891 blaspheme
1508 2848 1546 2890 V,
1572 2858 1633 2882 em.
1655 2858 1673 2881 v

263 2903 306 2936 25
332 2913 431 2946 posse
457 2904 466 2935 .'
559 2903 601 2937 26
627 2904 780 2937 haebens
874 2904 916 2938 27
943 2914 1008 2948 quo
1035 2915 1062 2938 s.
1089 2904 1107 2938 l.
1136 2915 1178 2937 m.
1207 2904 1269 2937 alt.
1379 2903 1421 2937 29
1447 2904 1601 2947 poenarii
1627 2902 1763 2947 scripsi

267 2960 432 3003 (poenalis
461 2960 568 3003 (lypr.
597 2961 617 2995 I.
644 2971 700 3003 02).
726 2972 913 3005 poenarum
944 2962 995 2996 Vv
1088 2961 1283 2995 horroffem
1377 2961 1420 2994 32
1446 2961 1611 2995 scribtum

1786 1034 1817 1060 10

1784 1384 1815 1410 15

1782 2070 1817 2098 25

1781 2412 1820 2438 30
