1934 3278
315 283 395 324 102
964 278 1159 313 Luciferi

315 405 498 446 secundo
537 405 798 445 inueniamus
838 404 1090 445 Hieroboam
1140 404 1181 445 et
1228 404 1315 444 01113
1361 403 1468 445 filios
1514 405 1616 445 haec
1659 404 1810 458 egisse.

315 486 436 515 sacra
467 474 684 526 scriptura,
717 473 844 528 Iuda,
877 472 1023 526 inquit,
1057 476 1092 514 et
1123 473 1357 514 Beniamin
1388 476 1424 514 et
1445 473 1594 514 leuitae
1616 477 1651 515 et
1673 486 1809 514 sacer-

314 543 438 595 dotes,
463 543 534 595 qui
557 545 678 583 erant
696 543 743 583 in
766 542 879 583 omni
896 542 1048 593 Israel,
1070 545 1356 584 conuenerunt
1374 555 1422 583 ex
1439 542 1624 583 omnibus
1641 541 1808 595 sinibus,

315 611 512 663 quoniam
544 611 854 663 dereliquerunt
883 610 1032 651 leuitae
1070 613 1105 651 et
1135 610 1409 652 tabernacula
1439 623 1519 651 sua
1549 614 1585 651 et
1607 610 1809 663 possessi-

315 692 412 721 ones
443 692 543 720 suas
573 681 611 719 et
641 678 833 720 abierunt
865 679 920 719 ad
947 678 1143 731 Roboam,
1176 679 1376 731 quoniam
1397 678 1561 731 repellit
1580 692 1643 720 eos
1665 679 1809 720 Hiero-

315 748 432 790 boam
466 751 501 789 et
532 747 616 801 filii
646 748 746 797 eius,
778 750 825 788 ut
855 761 941 788 non
972 748 1177 789 seruirent
1208 748 1385 790 olomino.
1445 751 1479 788 et
1510 748 1722 789 constituit
1752 748 1811 789 ibi

315 818 544 859 sacerdotes
582 817 831 858 eoecelsorum
869 820 907 858 et
945 816 1184 858 simulacris
1226 820 1261 857 et
1301 817 1535 858 daemoniis
1573 822 1608 857 et
1647 816 1809 867 uitulis,
1872 869 1874 871 v

315 900 420 939 quae
464 886 560 938 fecit
598 886 864 927 Hieroboam.
926 889 962 927 et
1003 886 1179 938 proiecit
1220 899 1284 927 eos
1321 900 1347 927 a
1384 886 1488 939 filiis
1527 886 1665 927 Israel
1710 889 1744 926 et
1785 899 1811 927 a

318 956 504 997 tribubus
536 955 684 1006 Israel,
732 957 805 1008 qui
845 956 1046 997 dederant
1086 968 1153 996 cor
1193 968 1316 996 suum
1357 969 1554 1007 quaerere
1594 954 1811 996 (lominum

317 1024 438 1065 oleum
478 1025 627 1066 Israel.
689 1037 768 1065 non
817 1024 893 1064 erit
930 1024 1071 1076 itaque
1114 1023 1421 1074 admirandum,
1470 1025 1502 1065 si
1543 1025 1588 1065 tu
1629 1036 1702 1065 nos
1742 1024 1812 1064 uel

318 1093 435 1134 nobis
468 1093 666 1134 diuinitus
689 1092 932 1134 commissos
954 1093 1227 1145 persequeris,
1257 1092 1289 1133 si
1314 1092 1364 1133 de
1385 1105 1429 1133 re
1452 1092 1568 1134 nobis
1589 1093 1812 1134 commissa

316 1175 390 1203 nos
421 1161 555 1214 pellis,
604 1162 638 1202 si
679 1161 855 1214 denique
892 1161 995 1202 locis
1027 1161 1176 1202 nostris
1210 1161 1373 1202 ordines
1407 1161 1472 1202 dei
1504 1162 1692 1203 inimicos
1727 1175 1809 1213 eos,

320 1231 389 1283 qui
419 1231 559 1271 tecum
593 1230 902 1282 dereliquerunt
925 1229 1060 1271 deum.
1095 1230 1258 1282 quando
1282 1229 1427 1270 uideas
1450 1231 1551 1272 haec
1574 1231 1616 1271 te
1638 1231 1811 1283 implere

320 1312 425 1352 quae
457 1299 604 1341 fecerit
634 1299 877 1340 Hieroboas.
941 1298 1036 1351 quid
1079 1298 1141 1338 est
1181 1298 1287 1339 enim
1329 1298 1488 1339 dicere:
1531 1300 1655 1352 fidem
1696 1301 1813 1352 apud

320 1368 496 1409 Niciam
527 1369 726 1409 damnate
748 1368 1024 1420 conscriptam
1049 1370 1083 1407 et
1105 1368 1302 1420 suscipite
1323 1381 1469 1419 meam,
1503 1368 1580 1409 nisi
1603 1369 1678 1409 hoc
1703 1369 1813 1421 quod

321 1436 423 1477 dixit
451 1436 704 1478 Hieroboas:
738 1440 774 1478 et
795 1436 1015 1490 relinquite
1045 1437 1164 1479 deum
1185 1440 1221 1478 et
1241 1437 1391 1478 seruite
1409 1437 1654 1479 simulacris
1676 1439 1813 1479 neeis?

320 1505 411 1558 quis
446 1506 567 1546 homo
602 1505 723 1546 dicis:
770 1506 967 1547 damnate
1006 1506 1210 1548 absentem
1249 1506 1492 1547 inauditum
1523 1507 1814 1548 innocentem?

320 1575 432 1616 certe
464 1574 512 1624 is,
555 1574 623 1626 qui
662 1574 744 1614 iam
786 1574 911 1615 fidem
952 1575 1221 1627 apostolicam
1262 1586 1491 1627 negaueras
1526 1575 1648 1628 atque
1683 1588 1812 1616 euan-

319 1643 518 1697 gelicam,
567 1655 713 1696 nempe
751 1643 806 1693 is,
856 1643 923 1696 qui
968 1643 1234 1685 traditionem
1279 1644 1494 1685 beatorum
1535 1644 1812 1694 destruxeras,

321 1712 520 1765 quantum
569 1711 676 1765 apud
721 1713 763 1753 te
805 1725 850 1753 ac
889 1713 983 1753 tuos
1017 1713 1098 1763 est,
1148 1713 1439 1765 apostolorum.
1501 1713 1596 1754 inde
1637 1713 1813 1766 denique

320 1781 477 1822 factum
510 1781 585 1827 est,
632 1781 678 1821 ut
710 1781 761 1821 ad
792 1781 951 1821 tantam
983 1782 1147 1823 uenires
1179 1781 1432 1832 uecordiam,
1482 1781 1578 1834 quia
1609 1781 1735 1823 fueris
1768 1782 1814 1822 ut

318 1850 550 1891 Hieroboas
582 1850 667 1891 sine
703 1850 790 1890 deo.
854 1851 1038 1891 ceterum
1078 1851 1110 1891 31
1145 1851 1266 1891 deum
1298 1850 1528 1900 habuisses,
1578 1850 1611 1891 si
1650 1851 1691 1890 te
1726 1850 1814 1891 eius

319 1918 581 1960 meminisses
604 1918 818 1969 cultorem,
851 1931 1076 1971 numquam
1103 1919 1286 1971 profecto
1311 1919 1490 1960 diceres:
1524 1919 1723 1960 damnate
1748 1920 1812 1960 in-

322 1990 542 2037 nocentem,
558 1989 766 2040 percutite
781 1988 1026 2029 inauditum
1044 1988 1249 2029 absentem
1266 1988 1594 2030 consacerdotem
1616 1991 1810 2029 uestrum.

377 2056 489 2097 XXI.
531 2056 584 2097 Et
624 2057 669 2097 ut
710 2057 854 2097 uideas
893 2057 934 2098 te
976 2069 1065 2097 0330
1108 2057 1194 2097 31110
1236 2056 1325 2106 deo,
1366 2056 1474 2097 unde
1519 2058 1558 2097 ct
1588 2056 1690 2096 talia
1721 2056 1811 2097 fieri

319 2124 545 2174 mandaris,
581 2125 721 2178 accipe
743 2137 898 2178 regem,
932 2138 1026 2166 cum
1051 2137 1129 2178 quo
1151 2137 1222 2177 pro
1247 2125 1406 2166 meritis
1428 2125 1552 2165 fuerit
1575 2124 1676 2165 deus
1699 2137 1809 2173 suus,

323 2193 464 2245 accipe
498 2193 539 2233 et
562 2193 649 2234 01113
673 2194 1001 2234 obsecrationem
1025 2194 1077 2234 ad
1101 2193 1254 2234 domini
1277 2194 1514 2235 sacerdotes
1538 2206 1640 2246 quos
1661 2193 1811 2246 populo

323 2261 388 2302 dei
410 2261 636 2314 inpellebat
656 2261 811 2302 iustum
836 2262 1020 2303 iudicare
1041 2262 1255 2316 iudicium,
1288 2262 1477 2315 conspice
1501 2262 1626 2303 etiam
1646 2263 1811 2303 tuorum

325 2331 405 2371 ate
424 2330 567 2371 contra
593 2330 813 2371 ecclesiam
835 2330 1118 2372 institutorum
1139 2330 1323 2371 iudicum
1343 2332 1382 2371 et
1397 2330 1509 2372 1111113
1531 2330 1811 2372 11111113110111111

1832 1032 1864 1057 10

1833 1373 1866 1398 15

1834 1725 1868 1750 20

1832 2064 1865 2090 25

322 2399 460 2446 actus;
496 2398 536 2439 01
566 2398 719 2451 poteris
750 2399 1017 2451 perpendere,
1059 2399 1093 2440 si
1131 2400 1270 2440 tecum
1309 2412 1385 2440 11011
1424 2399 1609 2440 inmundi
1642 2400 1810 2452 spiritus
1831 2407 1866 2433 30

454 2535 474 2568 2
497 2534 531 2568 Π
555 2534 633 2569 Par.
661 2535 713 2576 11,
741 2535 873 2569 12—15

389 2660 404 2693 1
434 2660 608 2694 ieroboam
749 2661 769 2694 3
795 2672 893 2695 omne
927 2672 968 2695 m.
997 2664 1015 2694 1
1156 2659 1281 2693 finibus
1316 2660 1403 2693 add.
1429 2660 1467 2692 in
1496 2671 1559 2704 my.
1587 2671 1630 2694 m.
1656 2660 1720 2693 alt.

319 2718 339 2751 5
370 2718 514 2751 roboam
545 2719 590 2758 V,
628 2718 807 2753 Ieroboam
832 2731 852 2753 υ
991 2719 1010 2753 6
1042 2718 1110 2752 sibi
1142 2717 1228 2760 fort.
1369 2717 1409 2750 13
1442 2717 1722 2761 derelinquerunt

319 2774 362 2808 14
387 2779 419 2808 et
446 2775 550 2817 infra
575 2775 785 2810 Hieroboam
810 2788 830 2810 υ
963 2776 1003 2809 15
1028 2776 1192 2810 Nicaeam
1217 2786 1236 2809 υ
1375 2774 1605 2808 conscribtam
1630 2786 1674 2808 m.
1704 2778 1719 2808 l

320 2832 361 2866 17
389 2832 473 2876 quis]
499 2833 538 2865 tu
564 2833 650 2866 add.
678 2843 705 2867 s.
733 2834 752 2867 l.
780 2845 820 2868 m.
847 2845 914 2867 rec.
1010 2833 1053 2866 20
1078 2834 1161 2876 aput
1186 2843 1229 2866 m.
1247 2835 1265 2865 1
1361 2831 1403 2864 25
1427 2833 1463 2865 10
1483 2842 1555 2865 0330
1574 2832 1647 2865 31110
1665 2832 1813 2875 scripsi,

315 2890 352 2922 10
379 2898 453 2922 0330
478 2888 514 2921 111
545 2889 584 2929 V,
611 2890 646 2922 10
672 2900 741 2923 non
768 2901 842 2924 0330
867 2891 901 2923 111
933 2891 965 2925 V
986 2902 1029 2925 m.
1055 2901 1123 2924 rec.
1150 2893 1182 2923 et
1210 2901 1226 2923 1·
1320 2888 1362 2922 29
1388 2888 1552 2922 iudicium
1578 2901 1597 2923 i·
