1934 3278
651 278 707 313 De
730 277 870 324 regibus
896 281 1112 324 apostaticis.
1575 284 1633 328 39

129 416 244 447 nunc
275 403 498 458 defendam
527 417 636 458 quae
664 404 762 458 fecit
781 405 958 448 Amalec
977 406 1069 460 tibi,
1102 406 1254 464 Israel,
1285 410 1631 462 quemadmodum

134 473 326 515 obuiauit
362 472 440 514 tibi
476 473 526 514 in
562 473 640 515 uia
679 486 809 526 quam
849 475 1080 517 ascendisti
1110 475 1159 518 de
1187 476 1388 531 Aeqypto.
1447 481 1486 520 et
1514 492 1633 522 nunc

131 541 242 584 uade
272 544 310 583 et
333 542 545 595 percuties
577 542 753 584 Amalec
782 544 823 584 et
844 543 991 584 omnia
1021 543 1172 600 ipsius,
1198 547 1238 586 et
1265 558 1351 588 non
1372 547 1635 600 concupisces

127 623 178 652 ex
207 609 298 652 illis
335 610 524 664 aliquid,
571 609 642 652 sed
678 610 978 653 eoeterminabis
1019 611 1145 654 illum
1178 615 1218 655 et
1254 613 1635 658 anathematizabis

92 701 109 727 5
126 678 253 721 illum
273 681 314 721 et
332 679 478 721 omnia
498 678 631 730 illius,
663 681 700 720 et
728 692 814 720 non
827 692 980 732 parces
1010 679 1080 722 illi
1110 683 1151 723 et
1169 681 1327 725 occides
1350 683 1494 725 omnia
1513 682 1635 725 illius

127 762 156 790 a
186 747 283 790 uiro
313 761 441 802 usque
471 748 529 790 ad
558 747 776 790 mulierem
805 751 843 789 et
862 748 916 790 ab
935 749 1106 802 infante
1134 763 1264 804 usque
1285 752 1342 794 ad
1363 753 1632 795 nutrientem.

134 817 177 858 et
205 816 333 859 infra:
363 820 400 860 et
428 817 546 859 uenit
576 816 687 859 Saul
716 830 846 871 usque
866 818 924 860 ad
944 819 1161 861 ciuitatem
1181 820 1370 874 Amalec,
1403 823 1440 862 et
1461 821 1635 863 accessit

126 890 165 930 et
195 886 349 929 obsedit
378 886 554 928 Amalec
591 886 641 927 in
677 888 870 930 torrente.
927 890 966 929 et
1003 887 1114 930 dixit
1153 888 1263 931 Saul
1302 889 1360 931 ad
1401 889 1633 932 Cinaeum:

129 956 238 998 uade
277 958 315 997 et
344 955 515 998 declina
544 968 564 997 c
594 955 744 1009 medio,
786 958 823 997 et
853 956 1024 998 declina
1054 957 1105 999 ab
1136 958 1327 1013 Amalec,
1367 960 1407 999 et
1434 957 1525 999 noli
1555 958 1636 1000 ad-

75 1042 110 1067 10
119 1038 282 1078 ponere
321 1027 360 1066 te
397 1037 492 1067 cum
529 1023 616 1073 illo,
657 1024 862 1078 quoniam
900 1027 947 1066 tu
989 1024 1128 1078 fecisti
1165 1027 1503 1069 misericordiam
1539 1039 1634 1069 cum

129 1093 237 1147 filiis
253 1092 404 1149 Israel,
428 1106 522 1135 cum
545 1093 817 1135 ascenderent
835 1106 886 1135 ex
901 1093 1104 1148 Aeqypto.
1138 1098 1175 1136 et
1194 1095 1429 1138 declinauit
1452 1095 1639 1138 Ginaeus

127 1162 178 1205 de
208 1162 343 1204 medio
374 1162 564 1216 Amalec,
598 1165 635 1204 et
659 1162 871 1215 percussit
902 1162 1010 1205 Saul
1040 1163 1218 1206 Amalec
1247 1165 1300 1206 ab
1321 1164 1478 1206 Euilat
1506 1177 1635 1217 usque

129 1231 229 1284 Sur,
276 1246 382 1286 quae
419 1235 479 1274 est
509 1236 660 1276 contra
698 1233 853 1287 faciem
890 1234 1086 1288 Aeqypti.
1130 1236 1169 1276 et
1199 1233 1498 1287 conprehendit
1528 1231 1636 1274 Saul

130 1301 256 1355 Aqaq
288 1315 421 1356 reqem
451 1302 626 1344 Amalec
657 1303 810 1344 uiuum
849 1306 886 1345 et
926 1317 1088 1345 omnem
1120 1303 1333 1357 populum
1365 1304 1457 1345 eius
1486 1301 1637 1344 occidit

78 1384 111 1410 15
129 1371 179 1412 in
209 1383 279 1412 ore
307 1370 457 1425 qladii.
518 1371 640 1413 uides
672 1371 895 1425 quomodo,
936 1371 1058 1413 tarde
1088 1371 1203 1423 licet,
1237 1370 1453 1414 consecuti
1484 1367 1638 1411 fuerint

130 1439 302 1482 sceleris
335 1439 399 1481 sui
431 1439 604 1490 factum,
639 1441 681 1482 et
710 1441 757 1481 tu
777 1440 937 1494 inquis:
970 1441 1058 1483 nisi
1078 1441 1174 1483 bene
1194 1455 1371 1496 aqerem,
1404 1451 1638 1492 numquam

126 1509 204 1550 diu
241 1521 473 1562 reqnarem.
532 1509 671 1562 ipsum
711 1509 838 1551 etiam
878 1508 983 1551 Saul
1020 1509 1256 1551 inuenimus
1296 1510 1441 1552 contra
1482 1506 1636 1550 domini

128 1577 375 1619 mandatum
408 1577 507 1630 quia
536 1577 696 1627 fecerit,
730 1577 841 1631 quod
872 1577 997 1619 fuerit
1026 1578 1285 1631 reprobatus,
1329 1579 1370 1619 et
1399 1579 1540 1619 tamen
1565 1575 1636 1618 diu

131 1646 374 1700 regnauerit
402 1647 498 1699 post
528 1645 876 1700 reprobationem,
908 1647 1184 1701 posteaquam
1217 1646 1321 1688 dixit
1352 1646 1406 1688 ad
1437 1644 1637 1688 Samuhel

76 1727 111 1754 20
133 1715 261 1757 deus:
285 1715 477 1768 paenitet
506 1728 571 1757 me
602 1715 775 1757 unxisse
803 1715 853 1756 in
883 1728 1017 1769 reqcm
1049 1714 1170 1758 Saul.
1224 1716 1265 1756 et
1294 1715 1341 1756 tu
1372 1714 1531 1769 inquis:
1564 1727 1634 1768 eqo

130 1783 221 1826 nisi
260 1786 367 1825 recte
406 1783 581 1836 fuissem
621 1783 803 1835 credens,
850 1783 939 1826 nisi
979 1784 1180 1837 quomodo
1215 1787 1275 1826 est
1316 1784 1387 1825 deo
1421 1783 1633 1838 placitum

131 1854 332 1907 uiuerem,
372 1865 607 1905 numquam
639 1852 830 1905 profecto
869 1866 985 1895 nunc
1023 1865 1152 1906 usque
1189 1853 1456 1905 imperarem.
1518 1851 1560 1892 et
1588 1850 1637 1892 ut

130 1923 234 1965 haec
267 1921 433 1976 penitus
463 1920 599 1974 possis
630 1920 798 1961 haurire
821 1933 929 1974 quae
954 1920 1133 1963 dicimus
1155 1922 1322 1974 propter
1345 1920 1459 1970 Saul,
1493 1919 1636 1973 accipe

130 2003 238 2045 quae
260 1990 405 2032 contra
428 1989 584 2031 domini
605 1989 753 2031 fecerit
772 1989 1039 2031 mandatum:
1071 1993 1109 2031 et
1130 1990 1291 2043 accepit
1315 1989 1421 2033 Saul
1442 1992 1481 2030 et
1501 1988 1639 2030 omnis

77 2069 112 2095 2⁵
122 2059 313 2114 populus
342 2059 432 2101 eius
461 2059 587 2113 Aqaq
624 2071 759 2112 reqem
798 2061 835 2100 et
865 2059 974 2100 bona
1009 2072 1183 2113 qrequm
1213 2061 1250 2100 et
1281 2060 1572 2100 armentorum
1601 2058 1641 2098 et

132 2141 325 2171 escarum
355 2130 395 2170 et
422 2128 652 2169 uinearum
689 2130 728 2169 et
757 2128 946 2169 omnium
977 2127 1194 2180 bonorum,
1229 2130 1266 2169 et
1295 2127 1518 2169 noluerunt
1548 2125 1637 2168 dis-

122 2197 299 2251 perdere
329 2195 476 2238 omnia
505 2194 627 2249 bona,
651 2196 723 2238 sed
742 2199 778 2237 et
800 2209 918 2237 omne
939 2208 1043 2249 opus
1051 2196 1285 2249 pretiosum
1312 2195 1641 2238 reseruauerunt

130 2268 169 2307 et
198 2277 465 2318 superuacua
494 2264 849 2317 disperdiderunt.
909 2267 946 2306 et
985 2264 1146 2317 factum
1175 2267 1234 2306 est
1262 2264 1435 2307 uerbum
1475 2262 1638 2304 domini

134 2335 192 2376 ad
224 2332 493 2376 Samuhelem
522 2333 682 2375 dicens:
714 2334 909 2387 paenitet
936 2346 1001 2375 me
1031 2333 1141 2387 quod
1171 2333 1462 2375 constituerim
1500 2343 1635 2384 reqem

80 2410 116 2436 ³0
135 2403 258 2455 Saul,
305 2402 506 2456 quoniam
543 2414 720 2443 auersus
758 2404 817 2443 est
855 2416 883 2443 a
914 2415 977 2443 me
1007 2405 1045 2444 et
1074 2401 1202 2443 uerba
1232 2415 1325 2443 mea
1356 2414 1441 2443 non
1470 2399 1634 2441 statuit.

135 2474 175 2514 et
204 2471 476 2513 contristatus
506 2473 566 2512 cst
596 2469 797 2514 Samuhel
836 2473 874 2512 et
903 2471 1108 2513 clamauit
1144 2470 1202 2512 ad
1242 2470 1364 2512 deum
1404 2472 1489 2510 tota
1520 2469 1637 2508 nocte

273 2631 290 2664 ’ἲ
317 2630 333 2664 1
356 2630 440 2675 Reg.
468 2630 522 2670 15,
549 2629 638 2663 5-8
732 2630 776 2664 20
802 2629 848 2663 ib.
876 2629 930 2669 15,
958 2629 997 2663 11
1094 2629 1139 2662 24
1165 2628 1211 2663 ib.
1240 2629 1294 2672 15,
1319 2628 1432 2662 9—12

203 2781 221 2814 1
249 2761 328 2814 nune
458 2778 627 2814 Amalech
765 2779 785 2812 4
812 2777 900 2813 illud
1040 2778 1061 2813 8
1087 2778 1222 2813 cineum
1363 2778 1399 2811 11
1430 2776 1547 2810 cincus

134 2837 180 2872 20
209 2837 345 2882 penitet
454 2836 498 2870 23
521 2836 684 2880 paenitus
717 2836 795 2878 fere
820 2846 960 2880 semper
1071 2834 1114 2869 25
1140 2845 1284 2880 gregum
1312 2834 1494 2877 Sabatia,
1520 2835 1637 2874 regum

141 2896 175 2931 V
264 2894 309 2928 29
333 2894 469 2938 penitet
494 2893 571 2936 fere
596 2905 736 2938 semper
830 2904 884 2938 me
