1934 3278
643 258 861 294 Moriendum
886 270 962 294 esse
986 271 1045 304 pro
1072 260 1127 294 dei
1151 260 1235 295 filio.
1605 263 1687 306 287

192 398 270 428 non
315 398 411 427 cum
450 386 492 428 te
534 398 582 427 ex
615 386 757 439 aperto
796 386 900 427 facis
940 385 1169 437 inimicum,
1202 399 1281 428 non
1314 399 1409 429 cum
1439 388 1482 429 te
1514 388 1688 430 simulas

191 455 373 497 amicum
395 480 449 486 -—
471 454 626 496 uideris
651 454 804 496 etenim
826 454 935 507 quod
959 454 1013 495 sit
1033 454 1073 495 in
1094 455 1136 496 te
1159 455 1229 508 qui
1251 454 1463 509 deceperit
1484 455 1617 498 Euam
1632 481 1688 488 —

192 536 269 565 non
301 536 397 565 cum
428 523 601 564 uerbum
631 522 750 563 tuum
782 534 854 575 per
887 522 997 575 quod
1028 522 1160 574 serpis
1181 522 1228 563 ut
1249 534 1399 564 cancer
1419 523 1526 565 falso
1546 524 1687 566 fucato

191 592 391 634 scientiae
421 592 584 633 tumore
615 590 825 643 conponis,
860 589 1114 631 adstruendo
1135 590 1177 632 te
1200 591 1391 633 omnibus
1411 591 1583 645 flagitiis
1604 593 1687 634 tuis

156 660 400 702 ⁵maculato
433 659 570 701 edicto
601 659 673 700 tuo
704 658 945 708 rescissore,
977 670 1113 699 messe
1146 659 1330 700 omnium
1362 672 1560 712 errorum,
1593 672 1688 702 cum

191 730 247 771 sis
277 730 366 782 ipse
397 728 528 770 totius
567 727 716 769 erroris
754 727 857 776 fons,
909 726 1105 768 adfirmas
1147 727 1189 768 te
1228 727 1397 770 luminis
1429 729 1685 782 portitorem,

191 810 286 840 cum
318 798 374 840 sis
403 797 586 839 tenebris
618 797 812 838 obsessus
844 795 1046 837 omnibus.
1110 795 1235 836 nullis
1269 808 1366 850 ergo
1398 797 1533 839 modis
1564 810 1686 851 posse

190 879 264 908 nos
296 879 319 907 a
350 866 419 907 uia
440 865 632 908 ueritatis
656 864 834 914 deflecti,
860 864 962 906 licet
982 864 1201 906 intellectu
1224 865 1334 906 omni
1356 877 1514 917 careas,
1546 866 1687 908 tamen

192 948 240 976 ex
271 935 387 988 parte
409 934 616 976 contemni
638 934 679 975 te
701 934 926 987 inspiciens
956 933 1075 986 potes
1095 933 1266 975 tandem
1288 933 1446 985 uidere,
1470 935 1687 977 Constanti

138 1011 171 1035 1⁰
190 1004 415 1057 imperator
445 1003 757 1045 immanissime.
791 1003 869 1044 hoc
902 1002 1011 1044 enim
1041 1002 1139 1043 fidei
1161 1003 1339 1055 primum
1361 1015 1453 1045 esse
1475 1003 1686 1057 negotium

191 1073 381 1115 nouimus
413 1072 640 1115 Christiani
671 1085 745 1114 nec
778 1072 985 1125 prosperis
1026 1084 1101 1113 nec
1136 1071 1324 1113 aduersis
1364 1072 1415 1113 de
1446 1072 1578 1126 gradu
1611 1073 1686 1114 de-

190 1142 362 1191 moueri,
402 1154 482 1183 non
515 1154 538 1182 a
568 1141 778 1195 proposito
811 1140 943 1182 semel
973 1140 1117 1194 uigore
1150 1139 1314 1181 deduci.
1367 1141 1575 1183 cernimus
1606 1154 1689 1183 una

191 1211 267 1251 hac
290 1222 393 1252 uoce
416 1210 634 1264 religiosa:
668 1211 943 1254 Christianus
963 1223 1070 1264 snm,
1102 1210 1198 1252 nolo
1229 1222 1313 1251 esse
1342 1213 1390 1251 ut
1420 1214 1465 1252 tu
1486 1224 1539 1266 es,
1574 1211 1685 1252 Con-

190 1281 388 1330 stantius,
420 1283 628 1333 apostata,
661 1292 781 1322 omne
803 1279 961 1320 crimen
994 1278 1172 1329 excludi,
1204 1278 1281 1320 hac
1314 1290 1397 1320 una
1426 1291 1531 1321 uoce
1560 1279 1687 1321 tribui

138 1360 171 1385 1⁵
189 1347 445 1401 praesidium
477 1348 638 1398 salutis,
672 1348 889 1390 uinculum
903 1347 1112 1389 libertatis
1145 1347 1186 1388 et
1206 1346 1386 1397 honoris,
1409 1348 1687 1401 conspicimus

190 1418 267 1458 hac
299 1417 559 1459 confessione
580 1417 708 1459 tribui
728 1416 848 1459 uobis
867 1415 1138 1470 protectionis
1161 1415 1356 1469 clipeum,
1387 1416 1520 1457 telum
1542 1418 1688 1458 contra

192 1498 265 1538 per
294 1486 336 1527 te
366 1485 409 1527 in
439 1498 513 1527 nos
545 1486 802 1527 saeuientem
835 1484 1071 1533 diabolum;
1105 1485 1147 1526 et
1175 1484 1223 1526 tu
1254 1484 1414 1538 inquis:
1446 1489 1593 1540 neyate
1614 1500 1689 1528 uos

189 1553 470 1597 Christianos.
522 1554 569 1595 ut
600 1556 745 1596 contra
776 1554 1005 1595 aduersaris
1039 1553 1261 1595 discrimen
1287 1553 1484 1595 duremus
1514 1554 1687 1596 stabiles

189 1635 263 1663 nec
305 1623 525 1664 saeuitiam
572 1624 689 1665 tuam
719 1624 951 1677 torquentis
985 1624 1242 1674 horreamus,
1284 1622 1515 1664 animemur
1551 1623 1687 1677 magis

137 1703 171 1728 20
190 1704 314 1744 quam
347 1692 576 1743 doleamus,
608 1693 691 1735 ista
723 1693 851 1734 efficit
881 1692 1137 1735 conscientia
1162 1704 1267 1746 quae
1288 1691 1570 1733 reminiscitur
1591 1691 1686 1733 uni-

189 1773 284 1801 cum
317 1760 385 1802 dei
423 1761 555 1803 filium
595 1761 649 1803 ad
686 1761 963 1816 protegendos
1002 1761 1267 1814 uictoresque
1308 1760 1549 1802 efficiendos
1590 1773 1687 1802 suos

188 1842 290 1871 suae
324 1829 555 1872 diuinitatis
593 1831 793 1884 praebere
823 1831 1123 1884 praesentiam3
1170 1830 1263 1871 hinc
1297 1829 1487 1879 efficitur,
1529 1829 1576 1870 ut
1606 1842 1689 1882 qua

189 1911 262 1939 nos
293 1898 430 1940 credis
462 1899 648 1953 extingui
677 1912 812 1953 poena
841 1899 1114 1941 uiuificemur.
1177 1898 1221 1940 id
1253 1898 1406 1940 etenim
1447 1898 1577 1947 nobis,
1617 1898 1686 1951 qui

190 1979 284 2008 eum
316 1968 482 2021 propter
513 1980 636 2021 quem
667 1969 849 2022 patimur
881 1980 973 2010 esse
1004 1968 1220 2010 nobiscum
1252 1967 1474 2017 credimus,
1505 1967 1546 2008 in
1581 1978 1686 2020 aug-

135 2046 169 2071 2⁵
188 2036 374 2077 mentum
405 2036 574 2079 uirtutis
605 2037 878 2088 adsumimus,
919 2037 1029 2090 quod
1067 2038 1115 2078 tu
1145 2036 1350 2078 cruciatui
1381 2036 1557 2090 sperasti
1589 2048 1686 2089 pro-

191 2103 333 2154 desse,
381 2105 566 2158 punitor3
612 2106 706 2147 hinc
747 2107 812 2147 est
852 2106 963 2160 quod
1000 2105 1123 2147 malis
1161 2105 1245 2146 tuis
1284 2105 1567 2158 quatientibus
1607 2117 1685 2145 non

189 2172 428 2226 frangamur
450 2174 687 2227 quantoque
709 2174 824 2216 uarie
847 2174 1043 2216 continua
1064 2174 1314 2215 crudelitate
1337 2186 1547 2222 uexamur,
1570 2173 1686 2213 tauto

190 2240 364 2282 firmiter
394 2243 646 2284 roboremur.
700 2244 764 2284 est
796 2243 905 2284 enim
936 2243 1152 2285 nobiscum
1181 2243 1252 2284 ille
1285 2243 1355 2296 qui
1389 2242 1682 2284 adulescentes

190 2309 404 2352 Hebraeos
436 2310 654 2352 credentes
691 2311 731 2352 in
764 2323 807 2352 se
845 2311 886 2352 in
913 2311 1075 2352 camino
1115 2311 1223 2364 ignis
1262 2311 1424 2352 tutatus
1466 2311 1548 2358 est;
1596 2309 1685 2362 ipse

322 2469 342 2502 3
368 2469 412 2503 cf.
437 2468 469 2503 Π
493 2470 578 2504 Tim.
604 2470 635 2513 2,
664 2471 703 2504 17
797 2470 839 2503 24
866 2470 908 2505 cf.
935 2470 1099 2515 Cypriani
1125 2481 1201 2515 app.
1226 2469 1275 2504 ΠΙ
1300 2470 1354 2509 28,
1380 2471 1400 2503 6
1428 2469 1579 2506 ‹Hartel)

255 2616 275 2649 3
301 2627 369 2650 non
402 2618 460 2659 Vr,
487 2628 565 2650 nam
592 2619 684 2652 coni.
714 2619 940 2652 (lallamlius
1056 2619 1077 2650 4
1102 2618 1225 2651 timore
1350 2618 1370 2650 5
1397 2617 1477 2651 fidei
1503 2618 1685 2651 rescissore

188 2672 246 2707 uel
270 2674 387 2708 simile
413 2679 596 2718 e.1·spectes
736 2677 756 2709 6
782 2680 869 2710 ante
894 2675 1058 2710 adfirmas
1084 2676 1214 2719 supple
1245 2685 1313 2708 non
1346 2684 1422 2708 cum
1562 2675 1582 2707 9
1607 2685 1685 2707 con-

187 2742 319 2784 tempni
410 2721 564 2786 insipiens
660 2743 702 2777 10
726 2743 807 2777 fidei
826 2756 855 2778 s.
873 2744 893 2778 l.
988 2744 1133 2788 primum
1151 2744 1299 2787 scripsi,
1317 2743 1497 2787 pristmum
1517 2747 1569 2785 (ae
1589 2752 1683 2777 eras.

186 2798 353 2841 uidetur)
386 2799 425 2839 V,
450 2801 623 2844 proprium
650 2812 667 2836 ι·
785 2801 826 2835 13
851 2793 935 2854 haec
1055 2801 1094 2835 19
1121 2811 1291 2835 orreamus
1409 2799 1452 2833 27
1478 2799 1595 2833 uariae

186 2855 230 2890 28
256 2853 299 2888 ad
324 2854 534 2891 huliscentes
