1934 3278
594 272 840 306 nominum
872 273 921 306 et
952 281 1118 307 rerum.

117 401 282 436 maiorem
305 409 468 443 nmquam
495 408 699 442 quemquam
724 396 832 431 fuisse

116 447 154 481 in
170 445 259 480 libro
277 445 417 489 exponit
435 444 491 489 qui
503 443 668 478 titulatur
684 443 729 477 de
740 443 832 488 reqi-

119 492 186 527 bus
212 491 434 536 apostaticis
459 489 536 528 310,
566 489 620 523 26.
656 488 762 522 libros
789 489 833 522 de

120 547 148 572 8.
158 537 368 571 Athanasio
379 534 586 571 Constantio
601 545 661 578 per
672 534 832 568 nuntium

118 583 232 617 mittit
249 582 327 619 321,
348 582 390 615 18
406 580 653 624 Florentioque
670 582 710 613 ut
725 579 832 614 libros

117 630 286 672 agnoscat
298 627 515 671 imperatoris
528 626 667 659 nomine
674 625 832 669 poscenti

118 672 305 754 affl?
323 671 588 753 ἒὲὲὲῒὲίῑῑῖῗὲ
607 670 832 761 333ῗηί33

117 764 308 809 impietatis
339 763 538 797 facundiam
568 761 751 796 mediocris
781 762 831 796 in-

119 810 213 855 genii
238 809 291 843 sui
315 820 384 842 non
402 809 518 842 ualere
534 807 667 842 fatetur
690 808 769 847 294,
786 808 831 841 20

122 856 255 900 (Haec
274 855 318 889 cle
335 855 427 889 libro
445 854 685 899 intelliyencla
703 854 831 888 uiden-

120 905 184 936 tur
201 912 301 945 quem
329 901 482 945 scripsit
499 900 550 934 ad
568 900 831 934 Constantium

119 947 168 982 de
191 957 276 980 non
299 946 536 990 parcendo
561 946 606 979 in
625 945 749 979 (lenm
769 945 831 979 cle-

119 993 247 1036 linqu
256 1003 307 1026 en
320 995 332 1025 t
343 992 415 1026 iba
426 988 451 1025 ε’
472 991 547 1026 Col.
561 992 632 1025 not.
646 1001 725 1035 pag.
739 990 831 1033 247).

118 1038 294 1073 contemni
312 1048 447 1071 omnem
465 1036 686 1071 carnificinae
699 1035 832 1070 rabiem

118 1094 139 1118 a
162 1084 270 1117 seruis
296 1082 352 1117 dei
376 1082 466 1116 libro
499 1083 727 1116 morimdmn
756 1093 831 1116 esse

164 1140 185 1163 ο
203 1129 263 1164 dei
279 1129 356 1171 filio
374 1129 514 1172 exponit
530 1127 608 1165 284,
625 1128 678 1163 17.
704 1128 831 1172 episto-

131 1185 187 1209 am
199 1184 261 1219 per
271 1173 501 1219 Eutychetem
519 1174 646 1252 accigit
663 1172 707 1207 ab
722 1173 830 1207 Atha-

118 1220 228 1258 nasio,
255 1230 322 1264 qua
347 1222 488 1262 rogatur
512 1221 551 1253 ut
568 1230 588 1253 a
630 1219 726 1252 illum
745 1230 832 1263 quae

118 1266 274 1309 Augusto
294 1265 503 1301 Constantio
521 1265 698 1309 scripserit
710 1265 833 1299 mittat

119 1311 196 1351 323,
214 1311 256 1345 16
273 1313 309 1345 et
318 1311 463 1345 alteram
479 1321 545 1354 qua
558 1309 600 1344 de
609 1310 832 1344 Arrianorum

118 1357 358 1402 persecutione
391 1358 427 1390 et
451 1355 494 1390 de
520 1356 671 1400 acceptis
704 1355 832 1390 litteris

120 1402 162 1437 fit
186 1402 312 1436 certior
336 1402 413 1445 324,
439 1402 469 1436 1.
494 1402 572 1437 325,
591 1401 622 1436 9.
663 1401 832 1445 epistolas

118 1448 203 1482 haec
221 1458 325 1492 opera
349 1448 508 1481 nominat
531 1447 609 1487 319,
636 1448 654 1481 7
680 1447 727 1490 cf.
752 1447 830 1487 323,

120 1494 163 1528 16
199 1493 275 1533 (sed
311 1494 447 1527 ‘mcllae
483 1497 686 1537 supersunt
717 1493 831 1528 Luci-

120 1539 194 1582 feri
219 1539 395 1583 epistolae
421 1543 573 1583 praeter
598 1549 713 1573 unam
739 1538 829 1573 Flo-

120 1585 240 1619 rentio
258 1585 456 1628 scriptann
481 1588 617 1619 ceteros
641 1587 830 1618 uetustate

115 1630 275 1675 periisse
299 1630 457 1664 maarime
483 1629 690 1664 dolendum’
717 1629 828 1665 Colet.

119 1678 190 1710 not.
220 1686 299 1719 pag.
325 1675 417 1717 212),
456 1675 622 1719 epistulas
655 1677 691 1709 et
721 1675 829 1709 libros

119 1721 332 1756 Athanasius
358 1720 435 1759 325,
461 1721 493 1755 9.
530 1720 670 1755 Lucifer
693 1721 766 1765 ipse
792 1732 828 1755 se

119 1767 270 1801 alienum
301 1766 345 1800 ab
377 1767 470 1800 omni
504 1767 651 1800 scientia
677 1766 829 1800 ethnica-

118 1812 202 1846 lium
226 1812 421 1846 litterarum
439 1811 524 1846 dicit
541 1812 619 1850 306,
638 1812 692 1846 20.
719 1824 829 1847 sermo

120 1858 191 1892 eius
225 1858 413 1891 communis
449 1858 526 1900 306,
565 1857 619 1892 24.
660 1858 830 1902 epistulae

120 1903 247 1937 rustico
281 1913 436 1937 sermone
462 1903 655 1947 descriptae
687 1903 765 1943 356,
799 1904 830 1938 2.

118 1949 196 1984 294.
215 1949 268 1983 24.
293 1949 434 1982 summis
458 1948 620 1983 laudibus
639 1949 829 1983 efferuntur

119 1994 164 2028 ab
181 1994 375 2028 Athanasio
393 1994 471 2032 325,
500 1995 552 2029 10.
577 1995 656 2033 326,
674 1994 705 2029 3.
728 1994 830 2029 Luci-

119 2039 229 2073 ferum
253 2039 391 2073 Heliam
422 2040 515 2074 illius
545 2042 615 2074 tem
633 2041 710 2074 »oris
735 2051 831 2084 prae-

119 2084 239 2119 dicant
264 2085 341 2126 3⁸25,
366 2085 419 2120 29.
444 2096 561 2119 ueram
586 2086 608 2120 fi
638 2097 690 2120 em
716 2085 758 2120 de
776 2086 832 2120 dei

117 2130 183 2165 filii
206 2132 332 2164 natura
349 2133 384 2164 et
399 2130 560 2165 trinitate
577 2131 730 2175 pluribus
747 2131 832 2166 locis

121 2176 261 2220 exponit
287 2176 349 2218 (cf.
375 2175 523 2218 Arriani)

75 2330 312 2376 Macedonius
332 2341 510 2385 episcopus
523 2339 689 2374 Arrianus
702 2341 780 2382 329,
790 2342 833 2376 29

77 2396 258 2431 Machetas
285 2397 344 2440 (cf.
370 2397 536 2438 Achetas)

76 2453 229 2489 Marcion
263 2465 302 2488 ex
328 2454 473 2488 ecclesia
506 2454 635 2488 eiectus

121 2499 230 2534 filium
254 2499 429 2533 hominem
447 2499 639 2543 suscepisse
689 2511 706 2534 e
731 2502 830 2535 utero

123 2545 269 2589 uirginis
296 2547 331 2578 et
379 2556 414 2578 er
430 2545 493 2578 hoc
510 2544 684 2579 hominem
701 2545 832 2580 factum

122 2590 282 2624 confiteri
306 2601 350 2624 no
366 2590 419 2624 uit
445 2590 498 2630 18,
526 2590 569 2624 12
597 2591 739 2634 (Circa
765 2602 832 2625 an-

120 2645 210 2670 mm
236 2636 379 2670 Christi
405 2638 484 2670 134.
515 2646 622 2671 suam
653 2637 833 2671 haeresim

123 2680 300 2715 Marcion
326 2681 601 2725 disseminanit‚
627 2692 700 2726 qna
725 2694 785 2716 nec
796 2694 832 2715 a-

124 2725 186 2760 bat
212 2736 341 2761 uerum
368 2727 526 2761 hominis
551 2737 685 2772 corpus
710 2739 733 2761 a
753 2694 833 2762 lieo

123 2771 225 2806 Filio
250 2775 483 2816 assumptum
510 2772 647 2815 suis-se:
672 2777 705 2806 e!
732 2784 831 2806 anno

123 2819 202 2851 146.
227 2828 270 2851 ac
288 2817 422 2851 iterum
448 2829 507 2852 an.
528 2820 597 2853 167
613 2819 657 2851 ab
677 2818 826 2853 ecclesia

123 2862 294 2896 Romana
313 2863 448 2897 eiectus
473 2867 505 2896 et
525 2864 727 2898 damnatus
745 2864 834 2906 fuit'

126 2906 236 2942 Colet.
262 2910 333 2942 not.
358 2918 436 2952 pag.
464 2909 520 2945 16)

693 2455 749 2489 uia
774 2454 831 2489 dei

1569 270 1654 312 349

903 399 1090 441 martyrum
1125 396 1295 431 fortitudo
1325 397 1404 438 298,
1431 398 1482 433 14.
1519 398 1597 440 307,
1623 399 1654 435 3.

949 443 1026 482 312,
1052 443 1106 477 20.
1137 443 1295 487 martyrii
1318 445 1473 488 praemia
1496 444 1575 484 297,
1602 445 1656 480 13.

949 488 1025 529 302,
1051 489 1082 523 4.
1110 489 1162 523 16.
1187 488 1265 529 308,
1290 489 1322 524 8.
1347 490 1425 529 310,
1450 490 1481 525 3.
1507 490 1585 529 314,
1612 491 1656 525 25

901 534 1089 579 Mai-tyrius
1115 534 1292 579 episcopus
1317 535 1483 570 Arrianus
1508 537 1586 576 329,
1612 537 1656 571 29

901 579 1098 660 Μιὲιῧθῐιὲἰὸιε
1138 580 1412 616 Christianorum
1458 584 1658 626 persecutor

901 670 1151 706 Mediolanium
1175 672 1253 712 330,
1281 673 1310 707 1.
1342 672 1657 708 Mediolanensium

949 717 1127 761 episcopus
1152 718 1340 763 Dionysius
1374 719 1451 762 161,
1476 718 1530 753 29.
1579 729 1656 753 con-

948 763 1063 796 cilium
1087 763 1348 799 Mediolanense
1372 764 1434 809 (cf.
1460 764 1657 810 concilium)

903 809 1119 852 μονάζοντες
1142 809 1220 844 324.
1247 811 1277 844 7.
1303 809 1381 849 332,
1408 809 1438 845 5.
1478 810 1657 845 solitariae

948 854 1042 888 uitae
1067 854 1288 889 studentibus
1307 855 1428 890 scribit
1444 855 1657 890 Athanasius

948 910 1091 934 monens
1121 902 1160 934 ut
1189 901 1440 935 haereticorum
1473 902 1658 935 communi-

949 956 1047 979 onem
1072 946 1209 989 fugiant
1234 947 1310 986 332,
1339 947 1368 982 1.
1393 947 1436 981 27

903 1072 1005 1118 Nero
1032 1082 1307 1119 Christianorum
1324 1086 1524 1129 persecutor
1540 1083 1594 1123 85,
1613 1083 1657 1118 30

895 1208 1114 1272 Ὁμορύσιος
1137 1219 1214 1261 262,
1248 1220 1301 1255 23.
1326 1221 1404 1262 292,
1431 1222 1451 1256 9
1477 1223 1538 1269 (ef.
1564 1225 1657 1259 Arri-

903 1265 1125 1345 orizlnlgalium
1149 1311 1289 1346 litterae
1307 1312 1350 1347 de
1366 1313 1561 1349 Athanasio
1579 1315 1657 1356 328,

948 1357 1001 1392 22.
1025 1357 1116 1392 Arrii
1142 1356 1335 1392 doctrinam
1353 1370 1389 1393 se
1407 1359 1571 1396 damnare
1589 1373 1658 1396 non

947 1413 1048 1447 posse
1085 1404 1121 1436 et
1151 1403 1382 1439 Athanasium
1419 1407 1658 1442 communione

948 1448 1155 1493 priuandum
1181 1460 1256 1483 esse
1282 1449 1463 1486 declarant
1487 1452 1565 1492 330,
1592 1453 1635 1487 20

902 1575 1118 1620 Pancratius
1150 1585 1332 1631 presbyter
1361 1587 1491 1622 Liberii
1521 1588 1658 1632 legatus

948 1630 992 1664 ad
1017 1630 1262 1666 Constantium
1295 1632 1338 1666 (le
1364 1633 1509 1667 concilio
1535 1634 1659 1669 missus

947 1676 1024 1713 331,
1056 1677 1097 1710 17
1123 1677 1311 1712 Eusebium
1335 1678 1589 1713 vercellensem
1614 1679 1660 1714 ad

948 1722 1129 1757 concilium
1167 1723 1296 1757 litteris
1334 1724 1463 1758 inuitat
1503 1726 1589 1765 319,
1627 1726 1657 1761 7.

947 1767 1194 1802 Constantium
1226 1769 1283 1803 dei
1315 1770 1518 1814 religionem
1550 1771 1658 1816 impu—

946 1823 1055 1857 gnare
1080 1815 1205 1848 asserit
1228 1815 1284 1856 47,
1312 1815 1332 1849 6

899 1859 1097 1903 paracletus
1125 1860 1266 1904 spiritus
1299 1860 1352 1901 12,
1377 1861 1408 1896 3.
1442 1862 1495 1901 19,
1522 1862 1575 1897 22.
1601 1862 1657 1898 27.

947 1904 1002 1941 53.
1030 1905 1083 1939 11.
1111 1905 1186 1943 119,
1212 1906 1267 1942 21.
1301 1906 1377 1946 137,
1411 1907 1464 1942 24.
1490 1907 1534 1941 28
1579 1908 1657 1948 140,

947 1950 978 1985 9.
1005 1951 1080 1991 143,
1099 1951 1152 1986 27.
1180 1951 1256 1991 167,
1276 1952 1328 1986 14.
1346 1953 1400 1988 22.
1428 1954 1503 1989 195,
1523 1954 1552 1988 3.
1579 1954 1656 1995 263,

950 1996 1000 2031 13.
1030 1997 1080 2031 14.
1107 1997 1184 2037 266,
1213 1998 1255 2032 19
1282 1999 1344 2041 (ef.
1370 1998 1520 2041 Arriani)

902 2041 1046 2076 Paullus
1065 2043 1312 2078 Samosatenus
1330 2044 1473 2079 Photini
1490 2045 1660 2088 magister

950 2099 967 2121 e
992 2098 1132 2133 corpore
1157 2089 1324 2124 ecclesiae
1348 2090 1478 2124 eiectus
1504 2091 1581 2135 quia
1600 2091 1658 2125 ho-

949 2134 1077 2168 minem
1094 2136 1232 2168 tantum
1257 2135 1313 2170 dei
1337 2135 1446 2169 filium
1466 2136 1583 2170 docuit
1603 2137 1656 2175 18,

951 2179 1003 2214 14.
1029 2179 1115 2214 nihil
1140 2180 1184 2214 ab
1201 2181 1349 2215 Arriana
1373 2181 1507 2216 haeresi
1533 2181 1658 2216 discre-

949 2227 1011 2269 pat
1035 2226 1113 2263 247,
1139 2226 1160 2260 8

904 2270 1074 2306 Photinus
1100 2272 1337 2306 Sirmiensium
1363 2272 1440 2309 246.
1459 2273 1512 2307 30.
1530 2273 1607 2311 247,
1627 2273 1658 2307 3.

950 2317 1029 2357 265,
1057 2317 1109 2352 10.
1134 2318 1212 2357 271,
1241 2318 1294 2357 10,
1321 2318 1421 2352 Pauli
1439 2318 1657 2353 Samosateni
1689 2325 1695 2332 ·

950 2362 1138 2407 discipulus
1156 2363 1209 2404 18,
1229 2364 1282 2402 14,
1308 2363 1555 2398 nihiliuterest
1567 2364 1660 2397 inter

950 2408 1194 2444 Constantium
1229 2412 1263 2443 et
1288 2409 1525 2444 conscotinum
1581 2419 1658 2442 uem

948 2465 1047 2488 uerso
1056 2453 1176 2488 ordine
1185 2454 1389 2489 Sirmienscs
1403 2456 1531 2488 uocant
1540 2454 1568 2487 P
1595 2455 1658 2488 oti-

950 2510 1031 2533 num
1056 2499 1134 2538 247,
1160 2501 1181 2534 9
1219 2500 1355 2543 (Nihil
1385 2511 1528 2543 reuera,
1561 2500 1657 2543 quod

951 2545 1002 2579 ad
1030 2545 1159 2592 'ipsam
1195 2545 1357 2579 haeresis
1394 2545 1658 2589 substantia-m,

950 2591 1090 2625 Ariani
1127 2601 1150 2623 a
1188 2591 1431 2625 I'holim'anis
1469 2590 1657 2635 discrepa-

950 2636 1058 2670 bant:
1096 2636 1280 2670 Photinus
1312 2640 1432 2671 tamen
1470 2636 1655 2671 Christum

951 2681 1026 2715 Dei
1050 2681 1192 2716 Filium
1217 2682 1272 2715 ita
1286 2693 1427 2726 purum
1452 2681 1571 2724 fuisse
1595 2682 1656 2715 ho-

951 2727 1081 2760 minem
1119 2727 1257 2770 docuit,
1294 2731 1335 2761 ut
1374 2731 1462 2761 tunc
1524 2727 1658 2761 rimam

950 2772 1146 2815 exstiterit,
1183 2783 1262 2807 cum
1289 2773 1330 2806 in
1354 2777 1459 2807 utero
1509 2773 1656 2818 'irginis

950 2822 1146 2862 conceptus
1170 2818 1265 2862 suit;
1290 2818 1431 2852 Ariani
1454 2829 1543 2853 uero
1568 2822 1656 2852 ‹tnte

951 2867 1145 2897 creaturas
1181 2874 1302 2897 omnes
1339 2867 1503 2898 creatum
1535 2864 1656 2906 fuisse

946 2909 1231 2953 praedicabant.
1281 2910 1327 2943 In
1351 2909 1505 2944 concilio
1532 2913 1655 2943 tamen
