1934 3278
303 220 381 261 132
957 221 1157 255 Luciferi

300 347 588 400 unusquisque
618 361 701 389 uon
732 347 1033 389 reminiscatur
1063 347 1216 399 fratris
1247 347 1315 388 sut
1346 347 1395 387 in
1426 347 1546 388 corde
1577 360 1661 389 suo.
1704 360 1799 389 cum

300 416 403 456 haec
427 415 509 457 sint
527 416 727 457 mandata
744 415 956 465 caelestia,
979 416 1024 456 tu
1044 415 1162 456 cuius
1186 414 1434 456 auctoritate
1458 415 1618 456 dixisti:
1643 417 1801 459 laniate

302 496 550 526 conseruum
570 486 787 526 uestrum?
820 484 854 524 si
878 484 943 525 dei
965 484 1175 525 mandatis
1191 484 1232 525 te
1251 484 1471 536 protulisse
1491 484 1595 525 hanc
1615 485 1799 526 auctori-

299 552 431 603 tatem
465 552 629 603 dixeris,
671 566 749 594 non
782 553 936 606 poteris
967 554 1156 606 probare.
1197 553 1390 606 quoniam
1424 553 1592 606 quidem
1624 553 1801 595 inueniri

301 634 379 662 uon
411 623 542 674 possit
562 623 602 663 in
626 622 755 663 sacris
779 622 994 675 scripturis
1015 623 1283 675 praeceptum
1308 622 1373 662 dei
1394 621 1656 663 innocentem
1680 622 1801 664 dam-
1838 629 1855 655 5

302 690 495 732 nandum.
545 704 638 732 cum
670 691 811 744 itaque
844 704 893 732 ea
924 691 1072 732 feceris
1106 704 1211 744 quae
1232 691 1298 731 lex
1321 691 1512 743 prohibet
1535 690 1614 736 dei.
1639 692 1803 733 constat

300 760 342 799 te
375 760 479 800 hano
505 760 796 801 auctoritatem
821 772 867 800 ex
890 759 1105 800 uoluntate
1138 759 1250 800 illius
1282 759 1504 812 protulisse
1539 759 1607 812 qui
1629 761 1803 801 uocetur

302 828 494 869 inimicus
512 828 591 879 dei,
615 828 723 870 unde
749 829 789 869 et
810 829 893 870 illis
911 828 1164 881 compareris
1187 841 1358 869 necesse
1378 829 1453 878 est,
1479 829 1627 881 quibus
1653 829 1804 870 dicitur

302 910 374 949 per
405 898 671 950 prophetam:
712 901 750 939 et
778 899 1086 947 dissuaserunt,
1119 911 1170 939 ue
1202 898 1484 952 obseruareut‚
1526 900 1565 938 et
1602 898 1804 939 dederuut

302 966 473 1007 dorsum
504 966 712 1008 stultitiae
749 969 787 1008 et
826 979 949 1008 aures
981 979 1081 1008 suos
1120 969 1157 1007 et
1196 980 1265 1007 eor
1304 979 1428 1007 suurn
1465 968 1704 1007 statuerunt
1736 966 1859 1006 iu-10

303 1034 525 1088 suadibile,
567 1048 617 1076 ue
657 1035 913 1086 oboedireut;
959 1034 1324 1088 deyrauaueruut',
1364 1037 1410 1075 ut
1448 1047 1535 1076 nort
1573 1034 1807 1075 oboedirent

304 1102 430 1156 leyem
460 1116 607 1156 meam,
642 1103 682 1144 et
711 1103 838 1144 infra:
871 1116 954 1144 uon
977 1103 1282 1154 exaudieruut;
1313 1103 1350 1144 st
1372 1102 1627 1155 clamabunt,
1662 1106 1699 1144 et
1719 1116 1802 1144 nou

302 1172 530 1213 exaudiam
546 1185 622 1222 eos,
655 1172 760 1214 dicit
775 1172 969 1213 domiuus
986 1172 1256 1225 omnipotens.
1280 1172 1464 1223 animae,
1488 1171 1805 1227 quies<ct>totes

304 1241 402 1283 haec
425 1244 523 1282 sunt
544 1240 674 1282 uerba
690 1254 796 1294 quae
816 1241 1013 1294 faciatis:
1035 1240 1259 1293 loquimini
1281 1241 1506 1282 ueritatem
1522 1241 1806 1292 uuusquisque

304 1311 360 1351 ad
385 1309 629 1362 proximum
658 1321 782 1350 suum
812 1311 847 1349 et
878 1308 1085 1350 iudicium
1110 1309 1340 1361 pacificum
1361 1311 1398 1349 et
1428 1309 1587 1350 iustum
1618 1309 1804 1351 iudicate
1827 1318 1860 1344 15

304 1379 352 1419 in
374 1378 514 1431 portis
544 1378 695 1419 uestris
733 1381 772 1419 et
800 1378 1087 1430 uuusquisque
1118 1377 1331 1419 malitiam
1357 1378 1547 1430 proximi
1584 1379 1647 1419 tui
1678 1379 1805 1420 nolite

306 1448 485 1501 eoyitare
523 1447 571 1488 iu
610 1446 800 1488 cordibus
839 1447 1011 1499 uestris,
1060 1449 1097 1488 et
1134 1446 1441 1487 iusiurandum
1480 1447 1640 1499 falsum
1681 1447 1807 1488 nolite

306 1515 492 1570 diliqere,
525 1516 727 1568 quoniam
758 1516 856 1557 haec
888 1516 1032 1557 omniu
1064 1516 1147 1570 odi,
1181 1516 1287 1556 dicit
1316 1515 1513 1557 domiuus
1534 1517 1805 1568 omnipotens.

307 1585 406 1639 quid
444 1597 510 1626 me
543 1585 657 1638 cogis
688 1586 825 1626 facere
866 1597 914 1625 ea
954 1597 1059 1638 quae
1093 1584 1186 1625 odio
1220 1596 1263 1625 se
1294 1584 1447 1625 habere
1482 1584 1584 1625 dicit
1617 1585 1807 1626 dominus

307 1656 597 1708 omnipotens?
630 1654 704 1695 sed
734 1654 942 1695 instruens
975 1653 1165 1695 dominus
1199 1653 1249 1694 de
1271 1653 1437 1696 ieiunio.
1471 1667 1627 1707 pacem,
1659 1653 1806 1706 inquit.
1828 1665 1861 1690 ρο

307 1728 343 1766 et
373 1725 596 1766 ueritatem
626 1724 802 1777 (liliyz'te.
837 1723 1043 1776 quomodo
1075 1722 1191 1775 pacis
1225 1723 1350 1775 atque
1382 1722 1572 1763 ueritatis
1601 1723 1808 1763 amatores

309 1807 399 1836 esse
431 1794 683 1846 poteramus,
719 1793 753 1833 si
784 1793 1049 1834 innocentem
1080 1792 1197 1833 falsis
1220 1804 1292 1844 per
1313 1792 1354 1832 te
1380 1804 1425 1832 ac
1449 1792 1544 1833 tuos
1566 1791 1807 1832 criminibus

308 1863 629 1916 praegrauatum
661 1863 876 1915 tamquam
908 1875 1026 1903 reum
1048 1861 1319 1914 puniremus?
1353 1861 1424 1901 aut
1456 1873 1561 1913 quae
1595 1861 1683 1900 erat
1713 1872 1807 1912 pax.

308 1946 402 1974 cum
435 1933 536 1973 haec
580 1931 770 1972 faciendo
815 1930 941 1971 etiam
975 1943 997 1971 3
1028 1942 1132 1983 pace
1174 1929 1328 1971 domini
1365 1929 1645 1982 potuissemus
1677 1928 1808 1969 reici?

309 2014 441 2054 neque
475 2000 583 2042 enim
615 2012 693 2053 pax
727 1999 880 2041 domini
906 1998 1106 2040 dicentis:
1132 2012 1284 2051 pacem
1306 2012 1441 2040 meam
1463 1998 1655 2050 relinquo
1678 1996 1808 2039 uobis.
1828 2005 1863 2030 ‘25

303 2083 452 2123 pacem
483 2082 619 2111 meam
649 2068 700 2110 do
729 2068 861 2123 uobis,
892 2066 1197 2120 relinqueretur
1231 2067 1280 2108 ab
1315 2078 1361 2108 eo
1383 2066 1424 2107 in
1446 2066 1577 2115 nobis,
1610 2078 1705 2106 cum
1729 2065 1808 2106 alio

309 2139 386 2191 ipsi
417 2138 660 2179 tulissemus
691 2136 857 2178 iniuste.
920 2136 1011 2189 quis
1041 2135 1206 2189 ignorat
1235 2135 1460 2177 recedente
1494 2134 1714 2187 disciplina
1738 2146 1807 2175 re-

311 2207 459 2248 cedere
493 2207 534 2247 et
564 2205 773 2260 gratiam?
807 2205 916 2258 apud
938 2204 1192 2246 Malachiam
1217 2203 1320 2245 dicit
1343 2204 1466 2246 deus:
1497 2204 1616 2257 filius
1638 2204 1808 2245 honori-

309 2278 407 2330 ficat
431 2279 600 2328 patrem
630 2278 666 2317 et
696 2287 844 2316 seruus
874 2275 1092 2316 dominum
1122 2287 1258 2315 suum.
1318 2275 1356 2315 et
1385 2274 1425 2314 si
1450 2275 1575 2326 pater
1605 2285 1697 2314 sum
1728 2285 1809 2326 eqo,

308 2345 378 2385 ubi
410 2347 466 2386 est
497 2344 628 2386 honor
657 2345 805 2386 meus?
836 2345 939 2386 dicit
970 2344 1166 2386 domiuus
1198 2343 1469 2396 ommssgaoteus.
1829 2353 1864 2379 30

446 2503 465 2536 9
494 2503 594 2537 Zach.
621 2504 651 2544 7,
691 2505 741 2538 11.
775 2503 816 2537 12
958 2503 999 2536 12
1026 2503 1071 2538 ib.
1099 2504 1129 2543 7,
1165 2501 1207 2536 13
1349 2501 1390 2535 13
1414 2501 1460 2536 ib.
1489 2502 1519 2541 Τ,
1554 2503 1603 2536 16.
1631 2502 1671 2535 17

310 2562 352 2594 20
378 2561 423 2594 ib.
450 2560 480 2604 8,
508 2560 550 2593 19
644 2561 686 2594 ‘25
713 2560 785 2595 Ioh.
813 2561 867 2602 14,
895 2561 936 2594 27
1032 2560 1075 2594 ‘28
1100 2560 1184 2594 Mal.
1210 2560 1242 2601 1,
1269 2559 1289 2593 6

380 2712 395 2743 1
425 2691 485 2742 non*
616 2710 635 2743 2
661 2717 699 2744 tu
725 2710 819 2744 cuius
848 2722 875 2755 r,
900 2711 1008 2745 tu³lfi⁵=v
1023 2721 1103 2744 usus
1135 2710 1174 2750 V,
1201 2709 1297 2743 cuius
1323 2719 1403 2742 usus
1432 2708 1488 2742 uel
1513 2708 1606 2741 nisus
1631 2709 1718 2751 fort.

311 2768 330 2801 9
357 2777 418 2800 nec
452 2769 561 2806 (corr.
594 2779 634 2802 m.
672 2769 754 2811 rec.)
897 2769 938 2802 10
974 2767 1219 2802 insuadibilem
1360 2766 1402 2799 13
1435 2766 1639 2809 quiescitote
1665 2766 1811 2810 scripsi,

310 2837 481 2881 quiestote
515 2837 562 2870 Vc
657 2837 698 2870 16
730 2838 781 2870 sui
809 2848 825 2871 a:
919 2837 962 2871 20
986 2836 1105 2881 inquid
1133 2847 1174 2870 m.
1200 2839 1219 2870 1
