1934 3278
568 266 622 300 De
648 267 769 300 saneto
795 265 990 300 Athanasio
1016 266 1105 300 liber
1129 266 1154 301 I.
1560 268 1609 309 91

115 408 198 437 non
237 393 343 435 mihi
381 393 594 446 continyat
625 406 652 433 a
682 393 862 443 domino,
901 394 937 433 si
974 394 1104 445 fecero
1142 393 1213 434 hoc
1244 393 1416 435 uerbum
1446 394 1615 436 domino

114 476 200 505 meo
220 462 372 504 christo
394 461 570 514 domini,
592 461 750 513 inferre
769 474 945 502 manum
963 474 1096 502 meam
1117 461 1165 502 in
1185 475 1290 514 eum,
1314 463 1417 514 quia
1433 462 1613 504 christus

114 531 273 573 domini
303 530 370 571 hic
399 533 466 572 est.
501 532 539 571 et
567 530 705 571 suasit
734 528 885 571 Dauid
915 530 1032 571 uiros
1063 542 1157 571 suos
1187 530 1323 571 uerbis
1355 533 1394 571 et
1414 544 1499 571 non
1515 544 1611 583 per-

114 601 229 641 misit
260 598 361 653 illis,
395 601 441 639 ut
470 601 686 652 suryentes
718 597 947 639 occiderent
980 598 1098 641 Saul.
1150 601 1189 639 et
1218 599 1403 639 surremit
1437 598 1544 640 Saul
1576 602 1613 640 et

80 679 96 703 ⁵
113 668 323 711 descendit
354 669 402 708 in
432 667 565 718 uiam,
599 669 638 708 et
667 667 768 708 exiit
799 666 952 709 Dauid
976 670 1073 719 post
1105 667 1214 709 Saul
1243 667 1411 709 dicens.-
1448 668 1615 709 domine

113 750 198 778 rex.
232 739 269 778 et
300 736 479 788 respexit
512 735 619 777 Saul
641 739 739 789 post
761 748 814 789 se,
847 738 887 777 et
904 736 1139 777 inclinauit
1157 748 1197 777 se
1218 734 1370 777 Dauid
1391 736 1439 777 in
1460 735 1612 788 faciem

113 818 236 847 suam
265 817 391 857 super
420 807 577 846 terrani
608 807 647 845 et
665 804 864 845 adorauit
895 817 1000 855 eum,
1035 807 1073 845 et
1101 805 1213 846 dixit
1233 803 1386 847 Dauid
1407 804 1463 846 ad
1485 804 1613 848 Saul:

111 886 240 927 quare
255 874 381 916 audis
400 873 527 915 uerba
540 873 694 926 populi
709 873 954 915 dicentium:
977 886 1058 915 ecce
1074 872 1225 915 Dauid
1240 874 1402 926 quaerit
1420 874 1612 915 animam

114 943 263 984 tuam?
294 946 331 985 et
360 955 447 984 ecce
474 943 522 983 in
553 942 633 984 hac
661 943 727 985 die
745 943 949 984 uiderunt
968 942 1079 984 oculi
1100 943 1177 992 tui,
1209 943 1409 995 quomodo
1433 942 1614 983 tradidit

64 1014 150 1052 mte
178 1012 376 1054 dominus
415 1011 536 1053 hodie
572 1012 623 1053 in
658 1011 855 1053 manibus
891 1011 994 1052 meis
1033 1012 1081 1052 in
1120 1012 1295 1064 spelaeo,
1343 1014 1381 1053 et
1419 1010 1537 1053 nolui
1579 1014 1614 1052 te

113 1080 291 1122 occidere
329 1082 365 1121 et
396 1082 567 1134 peperci
596 1080 673 1122 tibi
702 1084 743 1122 et
778 1081 896 1125 disci:
941 1094 1027 1122 non
1064 1081 1241 1122 iniciam
1272 1094 1446 1122 manum
1477 1093 1615 1121 meam

112 1150 159 1190 in
189 1150 407 1192 dominum
437 1163 587 1202 meum,
619 1150 822 1202 quoniam
854 1149 1034 1191 christus
1064 1150 1227 1191 domini
1257 1152 1327 1192 est.
1368 1149 1441 1202 qui
1472 1149 1613 1201 accepi

109 1218 291 1269 pinnam
320 1218 545 1260 chlamidis
576 1221 672 1260 tuae
700 1218 748 1259 in
769 1232 902 1260 manu
931 1232 1037 1268 mea,
1069 1221 1108 1259 et
1127 1230 1195 1272 eyo
1215 1218 1373 1260 abscidi
1405 1218 1612 1259 laciniam

112 1286 336 1328 chlamidis
366 1290 472 1336 tuae,
504 1291 540 1329 et
569 1301 655 1329 non
688 1288 821 1329 occidi
850 1290 898 1329 te.
959 1300 1150 1341 coynosce
1180 1290 1219 1328 et
1247 1287 1344 1329 ‘acide
1373 1286 1494 1328 hodie
1515 1299 1611 1339 quo·

61 1365 94 1391 1⁶
111 1358 230 1398 niam
260 1370 347 1399 non
377 1359 435 1399 est
464 1358 514 1398 in
542 1370 677 1398 manu
707 1370 800 1398 mea
830 1356 998 1398 malitia
1028 1369 1158 1409 neque
1188 1356 1419 1405 iniustitia,
1459 1358 1497 1396 et
1527 1368 1613 1396 non

104 1426 281 1478 peccaui
310 1426 360 1467 in
389 1429 439 1476 te,
473 1428 512 1467 et
540 1429 586 1467 tu
616 1427 786 1479 quaeris
815 1426 1009 1467 animam
1039 1439 1175 1467 meam
1207 1425 1406 1477 accipere.
1461 1423 1613 1465 iudicet

112 1494 308 1536 dominus
338 1496 451 1536 inter
480 1508 542 1536 me
573 1498 609 1536 et
640 1498 690 1545 te,
720 1497 759 1537 et
788 1494 1029 1536 uindicabit
1058 1508 1122 1535 me
1143 1494 1193 1535 de
1213 1497 1264 1543 te,
1298 1506 1452 1534 manus
1473 1496 1611 1534 autem

111 1577 203 1605 mea
234 1577 322 1604 non
353 1564 434 1604 erit
463 1564 510 1604 in
541 1566 590 1605 te.
650 1564 759 1605 sicut
789 1564 948 1605 dicitur
970 1563 1187 1616 parabola
1217 1563 1413 1615 antiqua,
1446 1575 1495 1603 ex
1524 1562 1612 1602 ini-

110 1632 204 1684 quis
232 1632 338 1673 exiet
368 1632 570 1684 nequitia.
621 1644 777 1673 manus
808 1635 947 1674 autem
977 1645 1068 1673 mea
1098 1645 1183 1673 non
1213 1632 1293 1672 erit
1323 1632 1371 1672 in
1404 1633 1451 1673 te.
1503 1633 1612 1671 retro

58 1712 92 1737 2⁰
110 1713 228 1753 quem
248 1703 295 1741 tu
309 1701 602 1754 persequeris?
633 1714 778 1743 canem
798 1704 1011 1742 mortuum
1040 1704 1077 1742 et
1106 1703 1212 1742 retro
1239 1700 1424 1753 pulicem
1445 1702 1612 1739 unum?

110 1768 188 1821 fiat
218 1770 415 1811 dominus
444 1771 492 1810 in
522 1770 702 1811 iudicem
734 1772 773 1810 et
800 1771 849 1811 in
878 1770 1088 1811 uindicem
1119 1770 1232 1811 inter
1261 1782 1324 1810 me
1354 1771 1390 1809 et
1420 1769 1530 1808 inter
1560 1771 1607 1809 te.

113 1835 254 1877 uideat
285 1836 479 1877 dominus
508 1839 546 1877 et
576 1837 732 1878 iudicet
762 1836 971 1878 iudicium
1000 1849 1137 1878 meum
1173 1840 1210 1877 et
1249 1837 1445 1890 iustificet
1476 1850 1539 1877 me
1562 1850 1611 1877 ea·

112 1916 243 1945 manu
274 1907 361 1946 tua.
423 1904 521 1946 talis
551 1917 642 1946 mos
673 1905 737 1946 est
768 1904 835 1946 dei
864 1905 1094 1947 cultoribus
1124 1906 1257 1947 totum
1279 1917 1494 1946 reseruare
1518 1905 1611 1954 deo,

114 1973 294 2015 scientes
327 1985 418 2014 esse
450 1985 647 2026 magnum
680 1973 883 2015 uindicari
918 1974 968 2015 ab
1001 1986 1062 2016 eo.

61 2053 94 2079 εει
168 2042 259 2083 XV.
292 2043 472 2092 Interea,
513 2042 636 2084 sicuti
677 2043 866 2096 superius
906 2043 1002 2093 dixi,
1043 2043 1140 2084 uide
1179 2043 1293 2087 Saul,
1336 2044 1405 2085 ubi
1443 2056 1612 2097 compos

112 2110 264 2152 mentis
295 2111 372 2158 est,
404 2123 511 2164 quae
543 2111 670 2161 dicat,
704 2112 748 2152 at
777 2112 848 2153 ubi
870 2112 988 2165 inpos
1012 2112 1202 2160 efficitur,
1236 2111 1442 2165 quomodo
1469 2112 1611 2154 sitiens

113 2178 169 2219 sit
198 2179 334 2220 Dauid
366 2179 466 2221 iusti
498 2180 540 2220 et
569 2180 801 2222 innocentis
834 2181 1099 2234 sanguinem:
1131 2184 1167 2222 et
1187 2182 1349 2234 factum
1370 2185 1441 2232 est,
1462 2181 1610 2234 inquit.

113 2261 206 2288 cum
238 2251 562 2290 consummasset
590 2247 742 2290 Dauid
772 2249 903 2291 uerba
931 2249 1033 2292 haec
1064 2250 1231 2302 loquens
1262 2249 1318 2291 ad
1350 2248 1470 2299 Saul,
1502 2251 1613 2290 dixit

114 2314 243 2357 Saul:
275 2329 359 2357 uox
390 2319 467 2357 tua
495 2316 608 2365 haec,
641 2317 709 2369 fili
736 2316 923 2359 Dauid?
953 2321 990 2359 et
1019 2318 1278 2359 exclamauit
1308 2317 1415 2360 Saul
1453 2320 1492 2359 et
1514 2317 1610 2370 plo-

62 2394 95 2420 ³0
114 2385 244 2426 rauit.
304 2388 344 2426 et
368 2384 481 2426 dixit
512 2385 571 2426 ad
601 2384 772 2428 Dauid:
817 2387 952 2428 iustus
982 2398 1024 2429 es
1057 2389 1101 2427 tu
1131 2400 1260 2439 quam
1291 2400 1374 2440 eqo,
1408 2387 1611 2438 quoniam

115 2455 160 2494 tu
189 2454 412 2496 reddidisti
442 2453 548 2495 mihi
578 2453 699 2503 bona,
732 2466 803 2507 eqo
833 2458 973 2496 autem
1002 2454 1180 2497 retribui
1209 2455 1330 2496 mala
1360 2454 1448 2498 tibi.
1486 2457 1524 2496 et
1544 2468 1611 2496 re-

113 2523 327 2564 nuntiasti
358 2522 464 2564 mihi·
494 2521 613 2564 hodie
643 2536 748 2575 quae
777 2522 913 2575 fecisti
951 2522 1057 2564 mihi
1088 2522 1212 2572 bona,
1261 2524 1368 2564 sicut
1409 2522 1610 2564 conclusit

248 2648 289 2682 27
317 2647 331 2681 1
356 2648 440 2692 Reg.
466 2648 521 2688 24,
549 2647 682 2681 17-23

181 2749 202 2783 8
227 2749 325 2783 dauit
353 2762 393 2784 m.
421 2754 438 2783 1
558 2750 600 2783 10
626 2749 741 2794 speleo
851 2750 894 2783 20
919 2750 1156 2793 persequaeris
1272 2749 1315 2783 23
1343 2752 1479 2785 “totum
1507 2753 1541 2792 (¹¹²
1568 2763 1599 2783 m

112 2809 195 2849 rec.)
290 2822 299 2834 κ
319 2809 357 2840 ut
381 2809 494 2840 totum
519 2810 697 2840 reseruent
720 2818 740 2840 r
867 2806 912 2839 25
936 2806 1047 2840 secuti
1072 2818 1115 2840 m.
1142 2810 1160 2840 1
1289 2807 1333 2841 26
1359 2807 1404 2841 ad
1428 2819 1473 2842 m.
1499 2811 1517 2841 1

111 2884 207 2918 lupos
231 2875 249 2916 (¹
276 2887 319 2909 m.
345 2878 429 2918 rec.)
524 2875 567 2909 27
593 2875 713 2920 inquid
807 2875 847 2909 31
876 2874 981 2909 tribui
1010 2888 1027 2909 υ
