1934 3278
282 231 339 273 84
939 227 1134 262 Luciferi

283 357 391 406 tuos,
425 355 674 397 consecutus
704 354 870 395 ueniam
902 354 1111 396 tantorum
1135 355 1355 405 scelerum,
1388 355 1494 397 inter
1522 356 1588 397 dei
1607 357 1782 398 inueniri

285 426 447 467 statuas
480 424 743 474 domesticos,
790 436 839 464 an
878 423 1074 465 redactus
1117 424 1169 464 ad
1208 424 1394 473 nihilum,
1443 425 1550 465 sicut
1580 425 1784 478 promittit

286 494 574 547 spernentibus
607 506 649 534 se
684 492 887 542 dominus7
920 493 1094 545 incipias
1132 493 1172 534 in
1204 494 1450 546 perpetuum
1484 494 1581 536 dare
1613 507 1780 547 poenas,

286 576 388 617 quas
422 563 522 604 dant
560 562 601 603 hi
642 574 815 614 quorum
846 562 987 602 tenere
1028 562 1234 614 delegeris
1274 562 1434 602 itinera.
1499 563 1541 603 et
1577 563 1623 603 ut
1661 563 1780 615 plene

282 632 425 673 uidere
466 630 601 684 possis
641 642 746 683 quae
784 630 825 671 te
856 630 1054 671 maneant
1090 630 1289 683 pericula,
1331 630 1550 683 propterea
1582 631 1691 684 quod
1725 631 1781 672 sis
1817 639 1833 664 5

283 701 538 742 exhonorans
565 698 842 749 diuinitatem,
877 699 1017 752 accipe
1045 698 1259 740 Samuheli
1293 699 1418 739 etiam
1451 711 1557 751 quae
1591 699 1781 740 dicantur

281 769 447 822 propter
478 767 574 808 Heli
605 767 734 808 filios:
783 770 819 809 et
856 768 965 808 dixit
1005 767 1204 808 domiuus
1243 768 1299 809 acl
1332 768 1553 809 Samuhel:
1596 781 1680 809 6666
1710 781 1780 821 690

281 837 394 890 facio
425 836 552 878 uerba
582 849 674 877 mea
706 836 752 876 666
782 835 933 884 Israel,
966 839 1002 877 et
1032 837 1170 877 06666663
1201 837 1275 888 qui
1297 837 1482 878 audierit
1503 850 1562 885 ea,
1597 836 1781 877 tinnient

280 909 477 959 utraeque
498 917 622 946 aures
644 905 744 955 eius,
778 905 826 945 666
856 904 929 945 illo
950 904 1015 945 die
1036 918 1114 957 9660
1137 905 1344 946 suscitabo
1366 918 1491 957 super
1513 904 1613 946 Heli·
1636 905 1780 946 omnia

282 988 388 1027 quae
420 974 581 1015 locutus
620 986 714 1014 sum
744 973 792 1014 666
823 973 941 1015 domo
973 974 1064 1014 eius
1105 976 1140 1014 et
1180 974 1472 1015 consummabo
1513 987 1618 1027 quae
1650 988 1778 1026 prae·
1800 987 1831 1011 10

280 1043 373 1085 (lixi
403 1043 453 1097 66,
487 1042 687 1095 quoniam
718 1055 787 1096 690
819 1042 1002 1083 ulciscor
1022 1042 1068 1083 666
1088 1042 1206 1084 domo
1227 1043 1315 1084 66663
1337 1055 1463 1095 usque
1489 1043 1536 1085 666
1562 1046 1779 1084 aeteruum

277 1113 447 1164 propter
492 1111 739 1163 iniquitates
785 1110 973 1164 filiorum
1020 1111 1126 1165 eius,
1176 1124 1280 1163 quas
1317 1125 1386 1165 690
1425 1113 1529 1162 scio,
1577 1112 1778 1164 quoniam

281 1182 582 1221 60666666666666663
622 1179 838 1220 dominum
878 1179 996 1220 mala
1035 1179 1160 1221 locuti
1200 1183 1299 1220 sunt
1335 1180 1420 1233 filii
1457 1181 1566 1233 eius,
1616 1183 1654 1221 et
1695 1193 1779 1221 66066

278 1248 439 1289 monuit
469 1261 532 1289 eos
563 1261 691 1300 6669666
721 1249 958 1302 castiyauit.
1012 1251 1047 1289 et
1079 1261 1191 1289 6666666
1221 1248 1280 1289 sic
1311 1249 1459 1290 iuraui
1489 1249 1634 1290 domui
1666 1248 1778 1299 Heli,

276 1317 316 1358 si
348 1316 660 1369 propitiabitur
699 1317 907 1369 iniquitas
946 1316 992 1357 666
1033 1316 1150 1357 domo
1181 1316 1282 1358 Heli
1322 1316 1370 1358 666
1411 1318 1577 1358 incenso
1617 1320 1693 1358 aut
1730 1317 1829 1358 66615

276 1386 501 1438 sacrificiis
531 1385 579 1426 666
610 1385 920 1437 sempiternum.
955 1385 988 1426 si
1020 1385 1122 1426 haec
1150 1384 1246 1426 Heli
1270 1385 1366 1426 sunt
1386 1385 1590 1437 promissa
1611 1385 1777 1438 propter

279 1454 479 1495 delictum
511 1453 704 1503 filiorum,
739 1452 839 1506 quid
869 1453 945 1494 tibi
975 1452 1141 1506 propter
1174 1453 1440 1507 sacrilegium
1471 1454 1617 1495 tuum?
1651 1454 1683 1495 si
1715 1454 1776 1495 illi

276 1524 378 1564 haec
410 1523 451 1563 in
485 1522 699 1563 aeternum
732 1522 828 1562 sunt
858 1522 1075 1574 promissa,
1118 1522 1217 1574 quid
1257 1522 1334 1563 tibi
1368 1523 1505 1575 agenti
1536 1522 1682 1564 tanta?
1742 1523 1776 1563 si

275 1591 384 1632 filios
414 1590 512 1631 Heli
544 1590 646 1631 dixit
679 1590 780 1631 deus
811 1590 921 1631 male
952 1590 1115 1631 locutos
1150 1590 1199 1631 de
1233 1603 1289 1639 se,
1324 1591 1477 1643 quanto
1500 1591 1634 1644 magis
1664 1591 1776 1632 dicat

274 1661 329 1710 te,
364 1660 432 1713 qui
465 1660 699 1712 susceperis
722 1659 830 1700 Arrii
862 1659 1165 1712 blasphemiam
1199 1659 1250 1700 ad
1272 1660 1581 1713 inpugnandam
1615 1660 1777 1701 scilicet
1795 1670 1828 1695 20

274 1728 414 1778 fidem,
435 1741 559 1781 quam
586 1728 847 1781 patriarchae
876 1727 1102 1780 prophetae
1127 1727 1301 1780 apostoli
1326 1729 1367 1769 et
1389 1741 1531 1769 omnes
1552 1729 1776 1769 tenuerunt

273 1798 504 1851 martyres?
562 1808 758 1849 rogamus
803 1796 844 1836 te
890 1795 998 1837 inter
1036 1796 1138 1836 haec
1179 1807 1323 1848 gerere
1364 1797 1565 1837 factorum
1609 1797 1774 1838 tuorum

272 1865 584 1919 paenitentiam,
626 1864 894 1906 considerans
935 1863 1084 1905 saltem
1125 1876 1229 1916 quae
1262 1864 1360 1905 filiis
1391 1865 1488 1906 Heli
1521 1866 1771 1906 exhonoran-

271 1934 384 1976 tibus
409 1934 533 1975 deum
557 1933 798 1975 acciderint.
832 1933 945 1988 Heli,
967 1932 1103 1985 inquit
1125 1933 1342 1986 scriptura,
1376 1947 1498 1974 senex
1520 1936 1612 1975 erat
1631 1935 1770 1990 ualde,

272 2007 309 2044 et
339 2003 428 2056 fila·
459 2004 547 2045 eius
569 2007 710 2045 66666663
732 1999 938 2058 abierant,
972 2007 1011 2045 et
1031 2007 1121 2045 erat
1143 2004 1339 2058 maligna
1360 2005 1438 2045 uia
1464 2018 1607 2046 eorum
1631 2018 1772 2046 coram
1793 2020 1824 2045 25

271 2072 452 2113 domiuo.
488 2075 527 2113 et
554 2072 716 2124 factum
748 2076 805 2114 est
835 2074 883 2114 666
915 2073 1055 2114 dicbus
1087 2073 1188 2126 illis,
1229 2078 1264 2113 et
1304 2076 1585 2114 con-uenerunt
1616 2073 1771 2114 alicni-

268 2153 399 2193 {Jeuac
428 2141 475 2182 666
500 2154 695 2194 16669660666
727 2142 783 2183 ad
813 2141 963 2192 Israel,
1027 2141 1068 2182 et
1104 2140 1230 2182 infra:
1270 2144 1306 2181 et
1348 2141 1574 2183 inclinauit
1604 2155 1769 2196 1166696666,

271 2211 309 2250 et
340 2210 487 2251 cecidit
515 2210 587 2251 uir
617 2210 754 2252 Israel
786 2224 928 2252 coram
967 2211 1231 2264 66166666966663,
1269 2213 1306 2251 et
1343 2211 1559 2252 uulnerati
1597 2213 1695 2251 suut
1725 2211 1772 2251 666

272 2278 362 2319 acie
392 2278 441 2319 666
472 2291 617 2330 campo
648 2282 848 2331 quattuor
879 2280 1022 2321 millia
1053 2279 1283 2321 hommum.
1317 2282 1353 2320 et
1383 2279 1500 2320 uenit
1521 2280 1701 2331 populus
1722 2280 1771 2319 666

271 2349 428 2401 castra,
462 2349 498 2387 et
528 2347 728 2388 dixerunt
760 2348 942 2389 maiores
963 2351 1070 2388 6666666
1092 2348 1233 2389 Israel
1247 2362 1258 2389 .·
1282 2351 1460 2400 propter
1481 2347 1582 2399 quid
1603 2347 1771 2399 deficere
1789 2362 1823 2386 30

407 2471 425 2503 7
451 2470 467 2503 1
492 2471 575 2514 neg.
603 2470 634 2507 3,
663 2470 797 2504 11-14
891 2471 931 2503 24
959 2470 1005 2505 ib.
1032 2470 1063 2511 3,
1091 2471 1130 2504 21
1154 2471 1210 2511 (of.
1228 2472 1259 2509 2,
1286 2470 1340 2511 22)
1358 2471 1452 2510 -4,
1481 2471 1496 2503 1
1594 2470 1636 2504 27
1663 2471 1709 2504 ib.
1736 2472 1768 2511 4,

270 2526 358 2559 2-5

340 2640 356 2673 1
382 2640 537 2673 inucnori
564 2653 604 2675 666,
627 2645 643 2675 l
738 2641 759 2674 4
777 2651 879 2685 qua÷s
972 2642 1074 2685 plane
1100 2653 1119 2675 v
1213 2642 1233 2675 9
1259 2643 1401 2684 utreque
1498 2641 1539 2674 12
1565 2642 1768 2685 iniquitates

271 2697 402 2758 LXX,i
430 2697 651 2740 iniquitatem
685 2699 732 2732 Vv
873 2710 955 2742 quas
990 2701 1030 2739 V,
1066 2702 1132 2742 qua
1160 2710 1177 2732 υ
1317 2698 1358 2732 13
1390 2700 1675 2742 contempnentes

272 2765 313 2799 18
340 2765 429 2809 quod
457 2771 474 2808 1·
503 2778 543 2800 m.
572 2772 654 2810 666.)
767 2768 810 2800 22
836 2769 895 2802 tuo
920 2772 1009 2803 6661
1121 2767 1162 2800 25
1190 2778 1331 2811 quoram
1359 2779 1400 2802 m.
1431 2772 1444 2801 l
1556 2767 1598 2801 26
1625 2768 1767 2812 aligeni-

566 2819 651 2833 0011an

268 2849 355 2883 gene
450 2841 493 2875 ‘28
520 2851 659 2887 quorum
687 2842 867 2876 alienionis
896 2845 1003 2886 (606·,6
1031 2854 1072 2876 666.
1099 2844 1183 2885 rec.)
