1934 3278
370 274 453 315 244
1027 269 1220 304 Luciferi

371 404 480 442 entes
521 400 720 452 quomodo
754 399 965 451 punirent
1007 410 1070 439 eos
1104 399 1284 450 propter
1309 395 1529 449 populum.
1582 409 1719 438 ornnes
1761 399 1871 438 enim

371 469 705 522 honorificabant
744 468 866 509 deum
905 467 951 506 in
993 466 1117 519 facto.
1172 478 1385 506 annorum
1417 467 1509 505 erat
1542 464 1647 517 plus
1684 466 1872 518 quadra-

369 539 492 592 9inta
522 537 652 589 horno,
687 537 734 577 in
767 549 845 588 quo
876 536 1040 588 facturn
1071 537 1131 575 est
1161 534 1329 587 siqnum
1358 532 1572 575 sanitatis,
1604 533 1772 575 dionissi
1794 549 1872 575 au-

370 610 448 647 tern
478 608 685 647 uenerunt
717 605 773 645 ad
802 617 899 645 suos
931 606 969 645 et
999 603 1235 644 retulerunt
1266 605 1430 655 quanta
1463 602 1519 643 ad
1541 601 1639 643 illos
1653 602 1874 656 principes

369 675 628 717 sacerdotum
658 677 696 715 et
727 673 909 715 seniores
939 673 1155 714 dixerunt.
1208 675 1252 712 at
1283 671 1353 713 illi
1384 685 1476 712 cum
1508 671 1748 723 audissent,
1790 686 1874 714 uno

372 744 514 785 animo
556 743 813 785 leuauerunt
850 755 989 784 uocem
1029 742 1084 782 ad
1123 741 1343 783 dominum
1375 744 1412 782 et
1442 741 1666 783 dimerunt:
1711 742 1876 783 domine

372 815 418 854 tu
449 812 547 854 deus
579 813 652 864 qui
688 811 824 864 fecisti
863 810 1024 852 caelum
1054 813 1093 851 et
1121 814 1279 852 terram
1313 813 1349 850 et
1379 824 1498 852 qnare
1529 813 1567 851 et
1596 810 1740 851 omnia
1772 824 1876 862 quae

373 883 420 922 in
460 882 519 923 eis
556 883 658 922 sunt
696 881 770 933 qui
805 893 882 933 per
922 880 1124 932 spiritum
1164 882 1361 921 sanctum
1403 883 1441 920 et
1481 893 1524 921 os
1562 880 1702 931 patris
1741 881 1876 921 nostri

371 950 520 992 Dauid
545 950 672 1002 pueri
703 950 768 991 tui
798 950 976 991 dixisti:
1021 963 1151 1001 quare
1191 949 1456 1001 fremuerunt
1494 952 1631 1002 9entes
1662 952 1698 989 et
1723 948 1876 1001 populi

370 1019 563 1060 meditati
599 1022 699 1060 sunt
735 1019 926 1060 inania?
973 1019 1231 1060 adstiterunt
1270 1032 1380 1072 reyes
1422 1021 1555 1059 terrae
1596 1021 1631 1060 et
1656 1019 1877 1071 principes

370 1091 655 1130 conuenerunt
677 1089 724 1129 in
746 1101 880 1129 unuin
904 1087 1108 1129 aduersus
1131 1088 1351 1128 dominum
1377 1090 1413 1128 et
1436 1087 1641 1128 aduersus
1661 1087 1877 1129 Christum

370 1158 471 1199 eius.
535 1160 819 1198 conuenerunt
851 1157 961 1197 enini
995 1170 1090 1197 uere
1122 1157 1169 1197 in
1202 1156 1279 1198 hac
1311 1156 1483 1198 ciuitate
1515 1156 1721 1197 aduersus
1752 1169 1876 1197 sanc—

371 1229 461 1267 tuni
498 1226 637 1279 filiurn
677 1229 795 1267 tuum
835 1225 976 1267 Iesuin
1024 1239 1142 1278 quein
1182 1226 1347 1267 unxisti
1392 1225 1577 1266 Herodes
1617 1228 1653 1266 et
1695 1224 1878 1266 Pontius

369 1294 542 1336 Pilatus
582 1308 675 1336 curn
713 1295 902 1348 yentibus
942 1298 979 1336 et
1009 1295 1187 1347 populis
1218 1295 1357 1336 Israel
1398 1296 1534 1348 facere
1575 1308 1682 1347 quae
1724 1307 1878 1335 manus

369 1367 445 1406 tua
476 1367 512 1405 et
542 1364 767 1406 consilium
784 1364 1022 1417 praefiniit.
1058 1367 1096 1405 et
1118 1377 1246 1415 nuno,
1280 1364 1456 1416 domine,
1490 1364 1645 1415 respice
1668 1363 1715 1404 in
1736 1363 1877 1404 minas

369 1445 509 1473 eorurn
531 1435 566 1474 et
588 1433 646 1473 da
667 1433 801 1474 seruis
832 1433 918 1474 tuis
949 1445 1041 1473 curn
1075 1433 1191 1474 oinni
1220 1433 1381 1486 fiducia
1411 1433 1523 1485 loqui
1544 1432 1719 1473 uerbum
1741 1434 1874 1485 tuum,

370 1502 469 1543 dum
510 1502 698 1543 extendis
736 1515 892 1543 manus
933 1502 989 1543 ad
1027 1503 1236 1543 sanitates
1270 1516 1316 1543 ac
1347 1503 1471 1555 sissna
1503 1505 1540 1543 ct
1572 1501 1777 1555 prodiqia
1807 1501 1875 1553 fa—

371 1571 521 1612 cienda
546 1584 625 1622 per
656 1583 805 1612 nomen
836 1571 975 1612 sancti
1004 1571 1088 1623 filii
1110 1571 1174 1611 tui
1197 1571 1308 1612 Iesu.
1340 1574 1492 1612 etcum
1514 1573 1712 1623 orassent,
1745 1573 1877 1610 motus

369 1642 425 1680 cst
459 1639 569 1680 loeus
599 1640 647 1680 in
679 1653 757 1692 quo
788 1642 909 1680 erant
942 1640 1200 1694 conqreyati‚
1242 1642 1280 1681 et
1310 1640 1456 1691 repleti
1487 1642 1588 1681 sunt
1618 1652 1757 1680 ornnes
1788 1638 1875 1690 spi-

370 1708 459 1748 ritu
491 1711 649 1759 saneto,
685 1711 723 1749 et
754 1708 1030 1760 loquebantur
1062 1708 1234 1749 uerbum
1266 1709 1334 1749 dei
1365 1722 1458 1749 cum
1491 1709 1605 1749 omni
1636 1708 1807 1761 fiducia.

426 1776 561 1818 XVII.
617 1777 659 1818 Si
692 1777 900 1830 collegisti
931 1777 1015 1818 iam
1047 1778 1199 1818 cuncta
1232 1790 1304 1818 cur
1335 1778 1437 1819 haec
1478 1776 1793 1830 protulerimus.
1843 1775 1876 1817 si

369 1846 555 1887 inbibisti
589 1858 709 1887 omne
741 1846 906 1899 penitus
939 1847 1278 1899 praescriptionis
1312 1847 1477 1888 nostrae
1508 1846 1775 1891 desiderium,
1811 1845 1875 1886 di·-

371 1927 464 1955 cere
514 1914 686 1956 audebis
734 1915 910 1957 ulterius
958 1928 1031 1956 nos
1080 1929 1171 1957 esse
1218 1915 1487 1968 petulantes?
1539 1913 1875 1968 quandoquidem

371 1983 517 2023 uideas
557 1996 631 2023 nec
677 1983 888 2036 apostolos
928 1984 1074 2025 beatos
1115 1984 1373 2037 temperasse
1418 1984 1593 2025 ducibus
1626 1982 1876 2024 ludaeorum

371 2064 446 2092 nec
477 2052 600 2093 minis
643 2052 915 2094 succubuisse
960 2066 1123 2104 eorum„
1174 2054 1247 2095 sed
1290 2053 1423 2107 magis
1465 2052 1670 2106 intrepide
1715 2064 1877 2105 semper

373 2119 538 2161 duxisse
574 2120 625 2161 ad
659 2121 864 2169 effectum,
900 2122 977 2163 sibi
1011 2122 1252 2176 delegatum
1283 2122 1460 2164 totidem
1493 2122 1619 2164 etiam
1654 2121 1720 2162 dei
1749 2134 1875 2174 popu-

370 2188 458 2229 lum
487 2202 566 2230 non
596 2190 731 2231 solum
760 2203 839 2232 non
872 2190 998 2231 fuisse
1029 2192 1296 2244 perterritum
1320 2190 1711 2233 comminationibus
1736 2190 1875 2231 incre-

375 2257 580 2308 dulorum,
623 2259 696 2300 sed
731 2260 855 2300 etiam
889 2260 1016 2301 fuisse
1051 2261 1328 2310 obsecratum,
1373 2261 1418 2301 ut
1448 2260 1647 2301 fiduciam
1676 2258 1876 2312 loquendi

373 2327 735 2381 constantiamque
785 2329 1034 2371 defendendi
1081 2330 1304 2371 ueritatem
1351 2329 1499 2371 fuisset
1546 2329 1743 2382 apostolis
1791 2329 1876 2370 suis

1898 1032 1928 1056 10

1898 1375 1929 1398 15

1897 1715 1929 1740 20

1897 2066 1929 2092 25

374 2394 570 2448 dignatus
600 2397 784 2438 tribuere
819 2397 933 2438 deus.
988 2398 1020 2439 si
1052 2398 1180 2451 igitur
1211 2399 1288 2440 hoc
1324 2399 1365 2439 et
1397 2399 1447 2439 ab
1482 2398 1679 2451 apostolis
1718 2398 1876 2439 factum
1894 2407 1928 2433 ³0

373 2464 436 2505 est
473 2465 608 2507 beatis
652 2466 692 2506 et
731 2466 894 2519 populis
937 2466 1013 2508 deo
1056 2467 1206 2508 dicatis
1247 2468 1287 2507 et
1323 2480 1402 2508 non
1435 2468 1529 2508 sunt
1560 2479 1694 2519 neque
1726 2466 1875 2507 contu-

371 2545 512 2574 maces
544 2546 677 2587 neque
710 2535 947 2587 petulantes
982 2535 1081 2576 dicti
1117 2548 1139 2576 a
1172 2535 1261 2582 deo,
1297 2535 1405 2588 quod
1436 2535 1667 2577 restiterint
1696 2535 1875 2576 inimicis

374 2601 483 2650 eius,
532 2602 737 2654 quomodo
782 2615 853 2645 nos
897 2603 1072 2645 dicimur
1106 2617 1129 2645 a
1158 2604 1200 2645 te
1240 2604 1405 2657 superbi
1446 2604 1684 2657 petulantes
1726 2604 1874 2645 contu-

439 2760 455 2793 1
483 2743 645 2804 p'onirent
787 2762 829 2796 13
856 2763 1004 2797 unexisti
1124 2764 1165 2797 14
1193 2775 1291 2808 quem
1410 2764 1451 2797 15
1477 2765 1660 2798 concilium
1689 2765 1809 2798 Titius
1836 2765 1876 2798 in

369 2828 468 2861 notis
565 2831 753 2876 praefingit
777 2843 798 2866 v
902 2829 942 2866 16
969 2809 1004 2866 eat
1030 2831 1071 2875 (nd
1097 2844 1140 2867 in.
1170 2833 1248 2875 alt.)
1367 2832 1411 2865 22
1437 2838 1571 2867 omnem
1690 2832 1733 2867 23
1758 2843 1820 2867 nos
1846 2843 1875 2876 v,

370 2895 439 2918 non
470 2886 503 2919 V
591 2887 634 2921 29
660 2887 765 2923 fuisse
860 2888 903 2922 32
928 2889 1058 2923 inimici
