<?xml version="1.0" encoding="UTF-8"?>
<!DOCTYPE html PUBLIC "-//W3C//DTD XHTML 1.0 Transitional//EN"
    "http://www.w3.org/TR/xhtml1/DTD/xhtml1-transitional.dtd">
<html xmlns="http://www.w3.org/1999/xhtml" xml:lang="en" lang="en">
 <head>
  <title>
</title>
<meta http-equiv="Content-Type" content="text/html;charset=utf-8" />
  <meta name='ocr-system' content='tesseract 3.04.00' />
  <meta name='ocr-capabilities' content='ocr_page ocr_carea ocr_par ocr_line ocrx_word'/>
</head>
<body>
  <div class='ocr_page' id='page_1' title='image "./corpusscriptorum14luciuoft_0159.png"; bbox 0 0 1934 3278; ppageno 0'>
   <div class='ocr_carea' id='block_1_1' title="bbox 599 281 1633 326">
    <p class='ocr_par' dir='ltr' id='par_1_1' title="bbox 599 281 1633 326">
     <span class='ocr_line' id='line_1_1' title="bbox 599 281 1633 326; baseline 0.005 -10"><span class='ocrx_word' id='word_1_1' title='bbox 599 282 653 316; x_wconf 87' lang='lat' dir='ltr'>De</span> <span class='ocrx_word' id='word_1_2' title='bbox 678 284 798 316; x_wconf 82' lang='lat' dir='ltr'>sancto</span> <span class='ocrx_word' id='word_1_3' title='bbox 823 281 1017 316; x_wconf 79' lang='lat' dir='ltr'><strong>Athanasio</strong></span> <span class='ocrx_word' id='word_1_4' title='bbox 1042 282 1130 316; x_wconf 91' lang='lat' dir='ltr'>liber</span> <span class='ocrx_word' id='word_1_5' title='bbox 1154 282 1178 317; x_wconf 92' lang='lat' dir='ltr'>I.</span> <span class='ocrx_word' id='word_1_6' title='bbox 1556 284 1633 326; x_wconf 86' lang='grc'>107</span> 
     </span>
    </p>
   </div>
   <div class='ocr_carea' id='block_1_2' title="bbox 98 407 1648 2656">
    <p class='ocr_par' dir='ltr' id='par_1_2' title="bbox 98 407 1645 1830">
     <span class='ocr_line' id='line_1_2' title="bbox 147 407 1633 462; baseline -0.001 -12"><span class='ocrx_word' id='word_1_7' title='bbox 147 408 356 462; x_wconf 86' lang='lat' dir='ltr'>inpuleras</span> <span class='ocrx_word' id='word_1_8' title='bbox 389 407 441 448; x_wconf 90' lang='lat' dir='ltr'>ad</span> <span class='ocrx_word' id='word_1_9' title='bbox 472 407 806 449; x_wconf 88' lang='lat' dir='ltr'>interficiendum</span> <span class='ocrx_word' id='word_1_10' title='bbox 836 407 1110 457; x_wconf 75' lang='lat' dir='ltr'>innocentem,</span> <span class='ocrx_word' id='word_1_11' title='bbox 1145 407 1198 448; x_wconf 92' lang='lat' dir='ltr'>ad</span> <span class='ocrx_word' id='word_1_12' title='bbox 1229 408 1462 460; x_wconf 84' lang='lat' dir='ltr'>superbiam</span> <span class='ocrx_word' id='word_1_13' title='bbox 1494 409 1633 449; x_wconf 91' lang='lat' dir='ltr'>tecum</span> 
     </span>
     <span class='ocr_line' id='line_1_3' title="bbox 146 476 1631 530; baseline -0.001 -12"><span class='ocrx_word' id='word_1_14' title='bbox 146 476 453 530; x_wconf 83' lang='lat' dir='ltr'>possidendam.</span> <span class='ocrx_word' id='word_1_15' title='bbox 505 489 583 517; x_wconf 92' lang='lat' dir='ltr'>non</span> <span class='ocrx_word' id='word_1_16' title='bbox 617 476 723 518; x_wconf 87' lang='lat' dir='ltr'>enim</span> <span class='ocrx_word' id='word_1_17' title='bbox 754 476 796 517; x_wconf 87' lang='lat' dir='ltr'>te</span> <span class='ocrx_word' id='word_1_18' title='bbox 820 488 969 529; x_wconf 84' lang='lat' dir='ltr'>negare</span> <span class='ocrx_word' id='word_1_19' title='bbox 991 489 1134 529; x_wconf 87' lang='lat' dir='ltr'>posses</span> <span class='ocrx_word' id='word_1_20' title='bbox 1157 489 1248 518; x_wconf 86' lang='lat' dir='ltr'>esse</span> <span class='ocrx_word' id='word_1_21' title='bbox 1271 477 1506 530; x_wconf 81' lang='lat' dir='ltr'>superbum,</span> <span class='ocrx_word' id='word_1_22' title='bbox 1539 489 1631 517; x_wconf 91' lang='lat' dir='ltr'>cum</span> 
     </span>
     <span class='ocr_line' id='line_1_4' title="bbox 148 544 1633 598; baseline -0.001 -12"><span class='ocrx_word' id='word_1_23' title='bbox 148 546 188 586; x_wconf 87' lang='lat' dir='ltr'>et</span> <span class='ocrx_word' id='word_1_24' title='bbox 218 545 257 586; x_wconf 91' lang='lat' dir='ltr'>in</span> <span class='ocrx_word' id='word_1_25' title='bbox 290 545 357 586; x_wconf 91' lang='lat' dir='ltr'>dei</span> <span class='ocrx_word' id='word_1_26' title='bbox 378 545 559 586; x_wconf 89' lang='lat' dir='ltr'>cultores</span> <span class='ocrx_word' id='word_1_27' title='bbox 582 546 766 586; x_wconf 83' lang='lat' dir='ltr'>funestas</span> <span class='ocrx_word' id='word_1_28' title='bbox 786 545 949 586; x_wconf 89' lang='lat' dir='ltr'>miseris</span> <span class='ocrx_word' id='word_1_29' title='bbox 970 558 1116 587; x_wconf 89' lang='lat' dir='ltr'>manus</span> <span class='ocrx_word' id='word_1_30' title='bbox 1139 546 1181 586; x_wconf 85' lang='lat' dir='ltr'>et</span> <span class='ocrx_word' id='word_1_31' title='bbox 1203 545 1487 598; x_wconf 89' lang='lat' dir='ltr'>euangelicam</span> <span class='ocrx_word' id='word_1_32' title='bbox 1508 544 1633 585; x_wconf 88' lang='lat' dir='ltr'>fidem</span> 
     </span>
     <span class='ocr_line' id='line_1_5' title="bbox 148 613 1634 667; baseline -0.001 -13"><span class='ocrx_word' id='word_1_33' title='bbox 148 613 359 654; x_wconf 87' lang='lat' dir='ltr'>destruere</span> <span class='ocrx_word' id='word_1_34' title='bbox 391 613 518 654; x_wconf 86' lang='lat' dir='ltr'>fueris</span> <span class='ocrx_word' id='word_1_35' title='bbox 549 614 722 655; x_wconf 89' lang='lat' dir='ltr'>conatus</span> <span class='ocrx_word' id='word_1_36' title='bbox 753 614 876 667; x_wconf 85' lang='lat' dir='ltr'>atque</span> <span class='ocrx_word' id='word_1_37' title='bbox 907 613 1071 655; x_wconf 87' lang='lat' dir='ltr'>firmare</span> <span class='ocrx_word' id='word_1_38' title='bbox 1095 614 1360 655; x_wconf 87' lang='lat' dir='ltr'>haereticam.</span> <span class='ocrx_word' id='word_1_39' title='bbox 1412 613 1453 654; x_wconf 93' lang='lat' dir='ltr'>in</span> <span class='ocrx_word' id='word_1_40' title='bbox 1476 613 1634 654; x_wconf 83' lang='lat' dir='ltr'>XXXII</span> 
     </span>
     <span class='ocr_line' id='line_1_6' title="bbox 113 681 1636 736; baseline 0 -14"><span class='ocrx_word' id='word_1_41' title='bbox 113 691 129 717; x_wconf 85' lang='lat'>⁵</span> <span class='ocrx_word' id='word_1_42' title='bbox 146 681 304 735; x_wconf 88' lang='lat' dir='ltr'>psalmo</span> <span class='ocrx_word' id='word_1_43' title='bbox 328 694 406 723; x_wconf 90' lang='lat' dir='ltr'>non</span> <span class='ocrx_word' id='word_1_44' title='bbox 427 682 612 736; x_wconf 84' lang='lat' dir='ltr'>legeras:</span> <span class='ocrx_word' id='word_1_45' title='bbox 643 682 784 736; x_wconf 75' lang='lat' dir='ltr'>diliyit</span> <span class='ocrx_word' id='word_1_46' title='bbox 805 682 998 724; x_wconf 72' lang='lat' dir='ltr'>dontinus</span> <span class='ocrx_word' id='word_1_47' title='bbox 1015 683 1346 724; x_wconf 82' lang='lat' dir='ltr'>misericordiam</span> <span class='ocrx_word' id='word_1_48' title='bbox 1367 685 1406 724; x_wconf 87' lang='lat' dir='ltr'>et</span> <span class='ocrx_word' id='word_1_49' title='bbox 1419 682 1636 730; x_wconf 77' lang='lat' dir='ltr'>iudicium,</span> 
     </span>
     <span class='ocr_line' id='line_1_7' title="bbox 146 750 1638 803; baseline -0.002 -10"><span class='ocrx_word' id='word_1_50' title='bbox 146 754 184 793; x_wconf 85' lang='lat' dir='ltr'>et</span> <span class='ocrx_word' id='word_1_51' title='bbox 212 750 500 793; x_wconf 79' lang='lat' dir='ltr'>misericordia</span> <span class='ocrx_word' id='word_1_52' title='bbox 531 751 695 793; x_wconf 85' lang='lat' dir='ltr'>domini</span> <span class='ocrx_word' id='word_1_53' title='bbox 736 751 867 803; x_wconf 82' lang='lat' dir='ltr'>plena</span> <span class='ocrx_word' id='word_1_54' title='bbox 896 754 956 794; x_wconf 91' lang='lat' dir='ltr'>est</span> <span class='ocrx_word' id='word_1_55' title='bbox 986 755 1108 798; x_wconf 76' lang='lat' dir='ltr'>terra,</span> <span class='ocrx_word' id='word_1_56' title='bbox 1156 752 1203 792; x_wconf 90' lang='lat' dir='ltr'>ut</span> <span class='ocrx_word' id='word_1_57' title='bbox 1245 751 1410 793; x_wconf 91' lang='lat' dir='ltr'>iuberes</span> <span class='ocrx_word' id='word_1_58' title='bbox 1452 750 1638 791; x_wconf 89' lang='lat' dir='ltr'>damnari</span> 
     </span>
     <span class='ocr_line' id='line_1_8' title="bbox 150 819 1640 874; baseline -0.001 -14"><span class='ocrx_word' id='word_1_59' title='bbox 150 820 389 860; x_wconf 74' lang='lat' dir='ltr'>absentem?</span> <span class='ocrx_word' id='word_1_60' title='bbox 411 831 614 872; x_wconf 84' lang='lat' dir='ltr'>cognosce</span> <span class='ocrx_word' id='word_1_61' title='bbox 636 832 708 872; x_wconf 87' lang='lat' dir='ltr'>per</span> <span class='ocrx_word' id='word_1_62' title='bbox 730 820 831 861; x_wconf 89' lang='lat' dir='ltr'>haec</span> <span class='ocrx_word' id='word_1_63' title='bbox 855 833 979 874; x_wconf 90' lang='lat' dir='ltr'>opera</span> <span class='ocrx_word' id='word_1_64' title='bbox 998 821 1072 861; x_wconf 87' lang='lat' dir='ltr'>tua</span> <span class='ocrx_word' id='word_1_65' title='bbox 1089 832 1213 873; x_wconf 90' lang='lat' dir='ltr'>quam</span> <span class='ocrx_word' id='word_1_66' title='bbox 1236 821 1292 862; x_wconf 86' lang='lat' dir='ltr'>sis</span> <span class='ocrx_word' id='word_1_67' title='bbox 1307 819 1640 861; x_wconf 85' lang='lat' dir='ltr'>inconsideratus</span> 
     </span>
     <span class='ocr_line' id='line_1_9' title="bbox 149 888 1638 942; baseline -0.001 -13"><span class='ocrx_word' id='word_1_68' title='bbox 149 901 355 942; x_wconf 90' lang='lat' dir='ltr'>quamque</span> <span class='ocrx_word' id='word_1_69' title='bbox 391 889 487 929; x_wconf 91' lang='lat' dir='ltr'>tuae</span> <span class='ocrx_word' id='word_1_70' title='bbox 521 888 667 930; x_wconf 77' lang='lat' dir='ltr'>salutis</span> <span class='ocrx_word' id='word_1_71' title='bbox 707 889 850 938; x_wconf 85' lang='lat' dir='ltr'>hostis,</span> <span class='ocrx_word' id='word_1_72' title='bbox 899 889 967 942; x_wconf 92' lang='lat' dir='ltr'>qui</span> <span class='ocrx_word' id='word_1_73' title='bbox 1007 902 1101 930; x_wconf 90' lang='lat' dir='ltr'>cum</span> <span class='ocrx_word' id='word_1_74' title='bbox 1142 889 1340 942; x_wconf 83' lang='lat' dir='ltr'>scriptum</span> <span class='ocrx_word' id='word_1_75' title='bbox 1380 888 1638 930; x_wconf 85' lang='lat' dir='ltr'>memineris:</span> 
     </span>
     <span class='ocr_line' id='line_1_10' title="bbox 148 957 1640 1010; baseline 0.001 -12"><span class='ocrx_word' id='word_1_76' title='bbox 148 958 240 1010; x_wconf 79' lang='lat' dir='ltr'>quis</span> <span class='ocrx_word' id='word_1_77' title='bbox 270 960 328 998; x_wconf 86' lang='lat' dir='ltr'>est</span> <span class='ocrx_word' id='word_1_78' title='bbox 358 957 477 999; x_wconf 79' lang='lat' dir='ltr'>homo</span> <span class='ocrx_word' id='word_1_79' title='bbox 508 958 580 1010; x_wconf 79' lang='lat' dir='ltr'>qui</span> <span class='ocrx_word' id='word_1_80' title='bbox 616 957 712 998; x_wconf 90' lang='lat' dir='ltr'>uult</span> <span class='ocrx_word' id='word_1_81' title='bbox 730 958 867 999; x_wconf 87' lang='lat' dir='ltr'>uitam</span> <span class='ocrx_word' id='word_1_82' title='bbox 899 961 937 1000; x_wconf 91' lang='lat' dir='ltr'>et</span> <span class='ocrx_word' id='word_1_83' title='bbox 957 961 1075 999; x_wconf 81' lang='lat' dir='ltr'>amat</span> <span class='ocrx_word' id='word_1_84' title='bbox 1094 958 1234 1000; x_wconf 87' lang='lat' dir='ltr'>uidere</span> <span class='ocrx_word' id='word_1_85' title='bbox 1253 959 1340 1000; x_wconf 84' lang='lat' dir='ltr'>dies</span> <span class='ocrx_word' id='word_1_86' title='bbox 1360 958 1512 999; x_wconf 73' lang='lat' dir='ltr'>bonos?</span> <span class='ocrx_word' id='word_1_87' title='bbox 1539 970 1640 1010; x_wconf 78' lang='lat' dir='ltr'>pro-</span> 
     </span>
     <span class='ocr_line' id='line_1_11' title="bbox 98 1025 1640 1080; baseline -0.001 -13"><span class='ocrx_word' id='word_1_88' title='bbox 98 1033 130 1059; x_wconf 88' lang='lat'>10</span> <span class='ocrx_word' id='word_1_89' title='bbox 151 1026 241 1067; x_wconf 79' lang='lat' dir='ltr'>hibe</span> <span class='ocrx_word' id='word_1_90' title='bbox 271 1025 464 1080; x_wconf 67' lang='lat' dir='ltr'>linquam</span> <span class='ocrx_word' id='word_1_91' title='bbox 496 1028 611 1067; x_wconf 88' lang='lat' dir='ltr'>tuam</span> <span class='ocrx_word' id='word_1_92' title='bbox 642 1039 669 1066; x_wconf 94' lang='lat' dir='ltr'>a</span> <span class='ocrx_word' id='word_1_93' title='bbox 699 1026 822 1078; x_wconf 86' lang='lat' dir='ltr'>malo,</span> <span class='ocrx_word' id='word_1_94' title='bbox 855 1029 894 1068; x_wconf 86' lang='lat' dir='ltr'>et</span> <span class='ocrx_word' id='word_1_95' title='bbox 923 1026 1038 1068; x_wconf 82' lang='lat' dir='ltr'>labia</span> <span class='ocrx_word' id='word_1_96' title='bbox 1058 1030 1132 1067; x_wconf 80' lang='lat' dir='ltr'>tua</span> <span class='ocrx_word' id='word_1_97' title='bbox 1162 1040 1214 1068; x_wconf 87' lang='lat' dir='ltr'>ne</span> <span class='ocrx_word' id='word_1_98' title='bbox 1235 1027 1465 1079; x_wconf 80' lang='lat' dir='ltr'>loquantur</span> <span class='ocrx_word' id='word_1_99' title='bbox 1484 1026 1640 1079; x_wconf 84' lang='lat' dir='ltr'>dolum,</span> 
     </span>
     <span class='ocr_line' id='line_1_12' title="bbox 150 1094 1643 1147; baseline 0 -12"><span class='ocrx_word' id='word_1_100' title='bbox 150 1098 186 1136; x_wconf 91' lang='lat' dir='ltr'>et</span> <span class='ocrx_word' id='word_1_101' title='bbox 216 1097 356 1135; x_wconf 80' lang='lat' dir='ltr'>auerte</span> <span class='ocrx_word' id='word_1_102' title='bbox 386 1108 414 1135; x_wconf 86' lang='lat' dir='ltr'>a</span> <span class='ocrx_word' id='word_1_103' title='bbox 442 1095 552 1136; x_wconf 85' lang='lat' dir='ltr'>malo</span> <span class='ocrx_word' id='word_1_104' title='bbox 583 1097 621 1135; x_wconf 91' lang='lat' dir='ltr'>et</span> <span class='ocrx_word' id='word_1_105' title='bbox 649 1094 718 1146; x_wconf 82' lang='lat' dir='ltr'>fac</span> <span class='ocrx_word' id='word_1_106' title='bbox 749 1095 912 1147; x_wconf 86' lang='lat' dir='ltr'>bonum,</span> <span class='ocrx_word' id='word_1_107' title='bbox 944 1096 989 1135; x_wconf 87' lang='lat' dir='ltr'>tu</span> <span class='ocrx_word' id='word_1_108' title='bbox 1020 1096 1159 1136; x_wconf 89' lang='lat' dir='ltr'>tamen</span> <span class='ocrx_word' id='word_1_109' title='bbox 1193 1107 1270 1136; x_wconf 91' lang='lat' dir='ltr'>non</span> <span class='ocrx_word' id='word_1_110' title='bbox 1294 1095 1476 1147; x_wconf 88' lang='lat' dir='ltr'>quietem</span> <span class='ocrx_word' id='word_1_111' title='bbox 1499 1094 1643 1147; x_wconf 84' lang='lat' dir='ltr'>capias</span> 
     </span>
     <span class='ocr_line' id='line_1_13' title="bbox 149 1162 1641 1218; baseline -0.002 -12"><span class='ocrx_word' id='word_1_112' title='bbox 149 1164 251 1206; x_wconf 85' lang='lat' dir='ltr'>haec</span> <span class='ocrx_word' id='word_1_113' title='bbox 283 1163 463 1218; x_wconf 89' lang='lat' dir='ltr'>gerendo</span> <span class='ocrx_word' id='word_1_114' title='bbox 495 1175 601 1216; x_wconf 89' lang='lat' dir='ltr'>quae</span> <span class='ocrx_word' id='word_1_115' title='bbox 631 1163 673 1204; x_wconf 88' lang='lat' dir='ltr'>te</span> <span class='ocrx_word' id='word_1_116' title='bbox 705 1164 961 1217; x_wconf 78' lang='lat' dir='ltr'>prohibuerit</span> <span class='ocrx_word' id='word_1_117' title='bbox 990 1176 1134 1217; x_wconf 89' lang='lat' dir='ltr'>gerere</span> <span class='ocrx_word' id='word_1_118' title='bbox 1167 1162 1282 1204; x_wconf 89' lang='lat' dir='ltr'>deus.</span> <span class='ocrx_word' id='word_1_119' title='bbox 1329 1164 1403 1204; x_wconf 90' lang='lat' dir='ltr'>hoc</span> <span class='ocrx_word' id='word_1_120' title='bbox 1438 1164 1501 1204; x_wconf 89' lang='lat' dir='ltr'>est</span> <span class='ocrx_word' id='word_1_121' title='bbox 1532 1162 1641 1204; x_wconf 90' lang='lat' dir='ltr'>nolle</span> 
     </span>
     <span class='ocr_line' id='line_1_14' title="bbox 149 1231 1642 1284; baseline -0.001 -11"><span class='ocrx_word' id='word_1_122' title='bbox 149 1232 291 1274; x_wconf 88' lang='lat' dir='ltr'>uidere</span> <span class='ocrx_word' id='word_1_123' title='bbox 325 1232 412 1274; x_wconf 90' lang='lat' dir='ltr'>dies</span> <span class='ocrx_word' id='word_1_124' title='bbox 443 1233 583 1281; x_wconf 83' lang='lat' dir='ltr'>bonos,</span> <span class='ocrx_word' id='word_1_125' title='bbox 630 1233 705 1274; x_wconf 89' lang='lat' dir='ltr'>hoc</span> <span class='ocrx_word' id='word_1_126' title='bbox 747 1233 810 1273; x_wconf 90' lang='lat' dir='ltr'>est</span> <span class='ocrx_word' id='word_1_127' title='bbox 840 1232 948 1274; x_wconf 90' lang='lat' dir='ltr'>nolle</span> <span class='ocrx_word' id='word_1_128' title='bbox 980 1232 1123 1280; x_wconf 77' lang='lat' dir='ltr'>uitam,</span> <span class='ocrx_word' id='word_1_129' title='bbox 1169 1232 1245 1273; x_wconf 91' lang='lat' dir='ltr'>hoc</span> <span class='ocrx_word' id='word_1_130' title='bbox 1289 1232 1352 1272; x_wconf 84' lang='lat' dir='ltr'>est</span> <span class='ocrx_word' id='word_1_131' title='bbox 1386 1232 1524 1284; x_wconf 87' lang='lat' dir='ltr'>petere</span> <span class='ocrx_word' id='word_1_132' title='bbox 1565 1231 1642 1272; x_wconf 89' lang='lat' dir='ltr'>sibi</span> 
     </span>
     <span class='ocr_line' id='line_1_15' title="bbox 148 1300 1642 1354; baseline -0.001 -12"><span class='ocrx_word' id='word_1_133' title='bbox 148 1302 274 1343; x_wconf 90' lang='lat' dir='ltr'>tribui</span> <span class='ocrx_word' id='word_1_134' title='bbox 304 1303 491 1343; x_wconf 86' lang='lat' dir='ltr'>mortem.</span> <span class='ocrx_word' id='word_1_135' title='bbox 553 1314 646 1342; x_wconf 89' lang='lat' dir='ltr'>cum</span> <span class='ocrx_word' id='word_1_136' title='bbox 677 1301 819 1354; x_wconf 86' lang='lat' dir='ltr'>itaque</span> <span class='ocrx_word' id='word_1_137' title='bbox 843 1301 899 1342; x_wconf 87' lang='lat' dir='ltr'>sis</span> <span class='ocrx_word' id='word_1_138' title='bbox 919 1301 1030 1349; x_wconf 86' lang='lat' dir='ltr'>talis,</span> <span class='ocrx_word' id='word_1_139' title='bbox 1064 1300 1133 1353; x_wconf 92' lang='lat' dir='ltr'>qui</span> <span class='ocrx_word' id='word_1_140' title='bbox 1157 1300 1207 1341; x_wconf 91' lang='lat' dir='ltr'>ad</span> <span class='ocrx_word' id='word_1_141' title='bbox 1230 1301 1405 1341; x_wconf 90' lang='lat' dir='ltr'>mortem</span> <span class='ocrx_word' id='word_1_142' title='bbox 1430 1301 1642 1341; x_wconf 88' lang='lat' dir='ltr'>aeternam</span> 
     </span>
     <span class='ocr_line' id='line_1_16' title="bbox 101 1368 1642 1422; baseline 0 -12"><span class='ocrx_word' id='word_1_143' title='bbox 101 1380 132 1404; x_wconf 85' lang='lat'>1⁵</span> <span class='ocrx_word' id='word_1_144' title='bbox 150 1370 420 1411; x_wconf 86' lang='lat' dir='ltr'>hauriendam</span> <span class='ocrx_word' id='word_1_145' title='bbox 453 1382 608 1419; x_wconf 79' lang='lat' dir='ltr'>curras,</span> <span class='ocrx_word' id='word_1_146' title='bbox 642 1370 767 1411; x_wconf 89' lang='lat' dir='ltr'>etiam</span> <span class='ocrx_word' id='word_1_147' title='bbox 798 1369 838 1410; x_wconf 92' lang='lat' dir='ltr'>in</span> <span class='ocrx_word' id='word_1_148' title='bbox 861 1368 1016 1410; x_wconf 88' lang='lat' dir='ltr'>XXXV</span> <span class='ocrx_word' id='word_1_149' title='bbox 1038 1369 1083 1409; x_wconf 91' lang='lat' dir='ltr'>tu</span> <span class='ocrx_word' id='word_1_150' title='bbox 1105 1368 1205 1410; x_wconf 92' lang='lat' dir='ltr'>mihi</span> <span class='ocrx_word' id='word_1_151' title='bbox 1228 1368 1383 1410; x_wconf 87' lang='lat' dir='ltr'>uideris</span> <span class='ocrx_word' id='word_1_152' title='bbox 1406 1381 1496 1410; x_wconf 88' lang='lat' dir='ltr'>esse</span> <span class='ocrx_word' id='word_1_153' title='bbox 1518 1381 1642 1422; x_wconf 88' lang='lat' dir='ltr'>prae-</span> 
     </span>
     <span class='ocr_line' id='line_1_17' title="bbox 151 1437 1645 1491; baseline -0.001 -11"><span class='ocrx_word' id='word_1_154' title='bbox 151 1440 352 1481; x_wconf 85' lang='lat' dir='ltr'>ostensus.</span> <span class='ocrx_word' id='word_1_155' title='bbox 413 1439 523 1481; x_wconf 78' lang='lat' dir='ltr'>dixit</span> <span class='ocrx_word' id='word_1_156' title='bbox 544 1440 740 1490; x_wconf 77' lang='lat' dir='ltr'>iniustus,</span> <span class='ocrx_word' id='word_1_157' title='bbox 773 1441 818 1479; x_wconf 87' lang='lat' dir='ltr'>ut</span> <span class='ocrx_word' id='word_1_158' title='bbox 848 1437 1067 1491; x_wconf 78' lang='lat' dir='ltr'>delinquat</span> <span class='ocrx_word' id='word_1_159' title='bbox 1090 1438 1136 1478; x_wconf 89' lang='lat' dir='ltr'>in</span> <span class='ocrx_word' id='word_1_160' title='bbox 1156 1441 1280 1479; x_wconf 87' lang='lat' dir='ltr'>semet</span> <span class='ocrx_word' id='word_1_161' title='bbox 1303 1439 1457 1491; x_wconf 80' lang='lat' dir='ltr'>ipsum,</span> <span class='ocrx_word' id='word_1_162' title='bbox 1480 1450 1562 1478; x_wconf 90' lang='lat' dir='ltr'>non</span> <span class='ocrx_word' id='word_1_163' title='bbox 1585 1440 1645 1479; x_wconf 85' lang='lat' dir='ltr'>est</span> 
     </span>
     <span class='ocr_line' id='line_1_18' title="bbox 151 1506 1643 1560; baseline -0.001 -12"><span class='ocrx_word' id='word_1_164' title='bbox 151 1508 277 1549; x_wconf 85' lang='lat' dir='ltr'>timor</span> <span class='ocrx_word' id='word_1_165' title='bbox 307 1508 373 1549; x_wconf 88' lang='lat' dir='ltr'>dei</span> <span class='ocrx_word' id='word_1_166' title='bbox 404 1511 501 1549; x_wconf 83' lang='lat' dir='ltr'>ante</span> <span class='ocrx_word' id='word_1_167' title='bbox 531 1508 667 1548; x_wconf 83' lang='lat' dir='ltr'>oeulos</span> <span class='ocrx_word' id='word_1_168' title='bbox 697 1507 796 1548; x_wconf 88' lang='lat' dir='ltr'>eius.</span> <span class='ocrx_word' id='word_1_169' title='bbox 858 1508 1058 1559; x_wconf 81' lang='lat' dir='ltr'>quoniam</span> <span class='ocrx_word' id='word_1_170' title='bbox 1088 1506 1223 1548; x_wconf 88' lang='lat' dir='ltr'>dolose</span> <span class='ocrx_word' id='word_1_171' title='bbox 1245 1507 1324 1560; x_wconf 73' lang='lat' dir='ltr'>eyit</span> <span class='ocrx_word' id='word_1_172' title='bbox 1359 1508 1403 1547; x_wconf 80' lang='lat' dir='ltr'>in</span> <span class='ocrx_word' id='word_1_173' title='bbox 1425 1509 1643 1558; x_wconf 79' lang='lat' dir='ltr'>conspeetu</span> 
     </span>
     <span class='ocr_line' id='line_1_19' title="bbox 151 1574 1645 1630; baseline -0.001 -13"><span class='ocrx_word' id='word_1_174' title='bbox 151 1577 253 1630; x_wconf 83' lang='lat' dir='ltr'>eius,</span> <span class='ocrx_word' id='word_1_175' title='bbox 292 1579 338 1617; x_wconf 87' lang='lat' dir='ltr'>ut</span> <span class='ocrx_word' id='word_1_176' title='bbox 377 1576 624 1617; x_wconf 80' lang='lat' dir='ltr'>inueniatur</span> <span class='ocrx_word' id='word_1_177' title='bbox 662 1575 866 1627; x_wconf 75' lang='lat' dir='ltr'>iniquitas</span> <span class='ocrx_word' id='word_1_178' title='bbox 898 1576 988 1616; x_wconf 83' lang='lat' dir='ltr'>eius</span> <span class='ocrx_word' id='word_1_179' title='bbox 1018 1578 1054 1616; x_wconf 84' lang='lat' dir='ltr'>et</span> <span class='ocrx_word' id='word_1_180' title='bbox 1085 1575 1241 1618; x_wconf 86' lang='lat' dir='ltr'>odium.</span> <span class='ocrx_word' id='word_1_181' title='bbox 1283 1575 1410 1616; x_wconf 83' lang='lat' dir='ltr'>uerba</span> <span class='ocrx_word' id='word_1_182' title='bbox 1441 1575 1525 1615; x_wconf 81' lang='lat' dir='ltr'>oris</span> <span class='ocrx_word' id='word_1_183' title='bbox 1555 1574 1645 1615; x_wconf 87' lang='lat' dir='ltr'>eius</span> 
     </span>
     <span class='ocr_line' id='line_1_20' title="bbox 151 1643 1643 1698; baseline -0.001 -13"><span class='ocrx_word' id='word_1_184' title='bbox 151 1645 360 1697; x_wconf 80' lang='lat' dir='ltr'>iniquitas</span> <span class='ocrx_word' id='word_1_185' title='bbox 393 1647 428 1685; x_wconf 88' lang='lat' dir='ltr'>et</span> <span class='ocrx_word' id='word_1_186' title='bbox 459 1644 590 1697; x_wconf 78' lang='lat' dir='ltr'>dolus,</span> <span class='ocrx_word' id='word_1_187' title='bbox 624 1644 760 1685; x_wconf 83' lang='lat' dir='ltr'>noluit</span> <span class='ocrx_word' id='word_1_188' title='bbox 791 1643 1042 1697; x_wconf 74' lang='lat' dir='ltr'>intelleqere,</span> <span class='ocrx_word' id='word_1_189' title='bbox 1072 1647 1118 1684; x_wconf 84' lang='lat' dir='ltr'>ut</span> <span class='ocrx_word' id='word_1_190' title='bbox 1147 1644 1242 1685; x_wconf 89' lang='lat' dir='ltr'>bene</span> <span class='ocrx_word' id='word_1_191' title='bbox 1271 1646 1419 1698; x_wconf 73' lang='lat' dir='ltr'>ayeret.</span> <span class='ocrx_word' id='word_1_192' title='bbox 1481 1643 1643 1695; x_wconf 79' lang='lat' dir='ltr'>iniqui-</span> 
     </span>
     <span class='ocr_line' id='line_1_21' title="bbox 102 1711 1645 1761; baseline -0.001 -8"><span class='ocrx_word' id='word_1_193' title='bbox 102 1715 275 1753; x_wconf 65' lang='lat' dir='ltr'>zotatem</span> <span class='ocrx_word' id='word_1_194' title='bbox 316 1712 538 1754; x_wconf 87' lang='lat' dir='ltr'>meditatus</span> <span class='ocrx_word' id='word_1_195' title='bbox 577 1715 633 1753; x_wconf 86' lang='lat' dir='ltr'>est</span> <span class='ocrx_word' id='word_1_196' title='bbox 673 1712 722 1753; x_wconf 83' lang='lat' dir='ltr'>in</span> <span class='ocrx_word' id='word_1_197' title='bbox 759 1711 886 1753; x_wconf 80' lang='lat' dir='ltr'>cubili</span> <span class='ocrx_word' id='word_1_198' title='bbox 926 1725 1020 1761; x_wconf 86' lang='lat' dir='ltr'>suo,</span> <span class='ocrx_word' id='word_1_199' title='bbox 1061 1711 1228 1753; x_wconf 75' lang='lat' dir='ltr'>adsistit</span> <span class='ocrx_word' id='word_1_200' title='bbox 1269 1713 1385 1754; x_wconf 86' lang='lat' dir='ltr'>omni</span> <span class='ocrx_word' id='word_1_201' title='bbox 1425 1712 1521 1753; x_wconf 87' lang='lat' dir='ltr'>uiae</span> <span class='ocrx_word' id='word_1_202' title='bbox 1560 1723 1645 1752; x_wconf 89' lang='lat' dir='ltr'>non</span> 
     </span>
     <span class='ocr_line' id='line_1_22' title="bbox 152 1780 996 1830; baseline -0.001 -9"><span class='ocrx_word' id='word_1_203' title='bbox 152 1781 293 1830; x_wconf 86' lang='lat' dir='ltr'>bonae,</span> <span class='ocrx_word' id='word_1_204' title='bbox 324 1781 536 1821; x_wconf 83' lang='lat' dir='ltr'>malitiam</span> <span class='ocrx_word' id='word_1_205' title='bbox 566 1783 703 1822; x_wconf 87' lang='lat' dir='ltr'>autem</span> <span class='ocrx_word' id='word_1_206' title='bbox 733 1794 819 1821; x_wconf 88' lang='lat' dir='ltr'>non</span> <span class='ocrx_word' id='word_1_207' title='bbox 850 1780 996 1821; x_wconf 88' lang='lat' dir='ltr'>odiuit.</span> 
     </span>
    </p>

    <p class='ocr_par' dir='ltr' id='par_1_3' title="bbox 153 1848 1645 2040">
     <span class='ocr_line' id='line_1_23' title="bbox 209 1848 1645 1902; baseline 0 -13"><span class='ocrx_word' id='word_1_208' title='bbox 209 1848 386 1890; x_wconf 87' lang='lat' dir='ltr'>XXIIII.</span> <span class='ocrx_word' id='word_1_209' title='bbox 436 1848 582 1900; x_wconf 88' lang='lat' dir='ltr'>Qualis</span> <span class='ocrx_word' id='word_1_210' title='bbox 623 1861 666 1890; x_wconf 90' lang='lat' dir='ltr'>es</span> <span class='ocrx_word' id='word_1_211' title='bbox 700 1848 884 1897; x_wconf 84' lang='lat' dir='ltr'>aduerte,</span> <span class='ocrx_word' id='word_1_212' title='bbox 931 1849 1157 1891; x_wconf 86' lang='lat' dir='ltr'>iustissime</span> <span class='ocrx_word' id='word_1_213' title='bbox 1196 1849 1431 1902; x_wconf 77' lang='lat' dir='ltr'>imperator.¹</span> <span class='ocrx_word' id='word_1_214' title='bbox 1479 1850 1645 1902; x_wconf 88' lang='lat' dir='ltr'>propter</span> 
     </span>
     <span class='ocr_line' id='line_1_24' title="bbox 153 1916 1644 1971; baseline 0 -13"><span class='ocrx_word' id='word_1_215' title='bbox 153 1929 274 1970; x_wconf 91' lang='lat' dir='ltr'>quem</span> <span class='ocrx_word' id='word_1_216' title='bbox 297 1929 388 1958; x_wconf 90' lang='lat' dir='ltr'>esse</span> <span class='ocrx_word' id='word_1_217' title='bbox 411 1916 524 1958; x_wconf 90' lang='lat' dir='ltr'>dicta</span> <span class='ocrx_word' id='word_1_218' title='bbox 546 1917 775 1958; x_wconf 88' lang='lat' dir='ltr'>sentiantur</span> <span class='ocrx_word' id='word_1_219' title='bbox 798 1917 921 1958; x_wconf 88' lang='lat' dir='ltr'>etiam</span> <span class='ocrx_word' id='word_1_220' title='bbox 939 1917 1013 1958; x_wconf 91' lang='lat' dir='ltr'>illa</span> <span class='ocrx_word' id='word_1_221' title='bbox 1034 1930 1139 1971; x_wconf 91' lang='lat' dir='ltr'>quae</span> <span class='ocrx_word' id='word_1_222' title='bbox 1156 1917 1195 1958; x_wconf 92' lang='lat' dir='ltr'>in</span> <span class='ocrx_word' id='word_1_223' title='bbox 1219 1917 1477 1959; x_wconf 84' lang='lat' dir='ltr'>Scariothem</span> <span class='ocrx_word' id='word_1_224' title='bbox 1497 1917 1644 1958; x_wconf 87' lang='lat' dir='ltr'>Iudam</span> 
     </span>
     <span class='ocr_line' id='line_1_25' title="bbox 154 1985 1643 2040; baseline 0.001 -14"><span class='ocrx_word' id='word_1_225' title='bbox 154 1986 194 2026; x_wconf 89' lang='lat' dir='ltr'>et</span> <span class='ocrx_word' id='word_1_226' title='bbox 224 1985 419 2038; x_wconf 88' lang='lat' dir='ltr'>populum</span> <span class='ocrx_word' id='word_1_227' title='bbox 458 1985 707 2027; x_wconf 90' lang='lat' dir='ltr'>Iudaeorum</span> <span class='ocrx_word' id='word_1_228' title='bbox 748 1985 900 2027; x_wconf 88' lang='lat' dir='ltr'>fuerint</span> <span class='ocrx_word' id='word_1_229' title='bbox 939 1986 1062 2027; x_wconf 85' lang='lat' dir='ltr'>dicta.</span> <span class='ocrx_word' id='word_1_230' title='bbox 1125 1986 1331 2039; x_wconf 90' lang='lat' dir='ltr'>quomodo</span> <span class='ocrx_word' id='word_1_231' title='bbox 1363 1988 1643 2040; x_wconf 82' lang='lat' dir='ltr'>potueramus,</span> 
     </span>
    </p>

    <p class='ocr_par' dir='ltr' id='par_1_4' title="bbox 102 2053 1648 2656">
     <span class='ocr_line' id='line_1_26' title="bbox 102 2053 1645 2108; baseline -0.001 -12"><span class='ocrx_word' id='word_1_232' title='bbox 102 2064 135 2090; x_wconf 80' lang='lat'>2⁵</span> <span class='ocrx_word' id='word_1_233' title='bbox 153 2053 381 2103; x_wconf 85' lang='lat' dir='ltr'>Constanti,</span> <span class='ocrx_word' id='word_1_234' title='bbox 416 2053 611 2095; x_wconf 88' lang='lat' dir='ltr'>damnare</span> <span class='ocrx_word' id='word_1_235' title='bbox 642 2054 903 2095; x_wconf 84' lang='lat' dir='ltr'>innocentem</span> <span class='ocrx_word' id='word_1_236' title='bbox 937 2055 988 2096; x_wconf 89' lang='lat' dir='ltr'>ad</span> <span class='ocrx_word' id='word_1_237' title='bbox 1021 2055 1236 2108; x_wconf 89' lang='lat' dir='ltr'>superbiae</span> <span class='ocrx_word' id='word_1_238' title='bbox 1267 2056 1364 2096; x_wconf 91' lang='lat' dir='ltr'>tuae</span> <span class='ocrx_word' id='word_1_239' title='bbox 1396 2055 1645 2097; x_wconf 81' lang='lat' dir='ltr'>consilium?</span> 
     </span>
     <span class='ocr_line' id='line_1_27' title="bbox 153 2122 1646 2176; baseline 0.001 -13"><span class='ocrx_word' id='word_1_240' title='bbox 153 2134 246 2163; x_wconf 89' lang='lat' dir='ltr'>cum</span> <span class='ocrx_word' id='word_1_241' title='bbox 287 2122 486 2164; x_wconf 89' lang='lat' dir='ltr'>sciremus</span> <span class='ocrx_word' id='word_1_242' title='bbox 529 2122 727 2176; x_wconf 85' lang='lat' dir='ltr'>scriptum</span> <span class='ocrx_word' id='word_1_243' title='bbox 769 2122 877 2176; x_wconf 91' lang='lat' dir='ltr'>apud</span> <span class='ocrx_word' id='word_1_244' title='bbox 907 2123 1066 2165; x_wconf 87' lang='lat' dir='ltr'>Dauid:</span> <span class='ocrx_word' id='word_1_245' title='bbox 1113 2124 1274 2166; x_wconf 75' lang='lat' dir='ltr'>ostende</span> <span class='ocrx_word' id='word_1_246' title='bbox 1312 2124 1646 2166; x_wconf 79' lang='lat' dir='ltr'>misericordiam</span> 
     </span>
     <span class='ocr_line' id='line_1_28' title="bbox 152 2191 1642 2245; baseline 0.001 -13"><span class='ocrx_word' id='word_1_247' title='bbox 152 2194 268 2232; x_wconf 85' lang='lat' dir='ltr'>tuam</span> <span class='ocrx_word' id='word_1_248' title='bbox 298 2191 519 2233; x_wconf 80' lang='lat' dir='ltr'>scientibus</span> <span class='ocrx_word' id='word_1_249' title='bbox 548 2195 585 2232; x_wconf 91' lang='lat' dir='ltr'>te</span> <span class='ocrx_word' id='word_1_250' title='bbox 623 2194 659 2233; x_wconf 90' lang='lat' dir='ltr'>et</span> <span class='ocrx_word' id='word_1_251' title='bbox 689 2192 895 2233; x_wconf 83' lang='lat' dir='ltr'>iustitiam</span> <span class='ocrx_word' id='word_1_252' title='bbox 919 2195 1035 2233; x_wconf 85' lang='lat' dir='ltr'>tuam</span> <span class='ocrx_word' id='word_1_253' title='bbox 1057 2192 1123 2234; x_wconf 78' lang='lat' dir='ltr'>his</span> <span class='ocrx_word' id='word_1_254' title='bbox 1151 2194 1224 2245; x_wconf 79' lang='lat' dir='ltr'>qui</span> <span class='ocrx_word' id='word_1_255' title='bbox 1256 2195 1360 2235; x_wconf 79' lang='lat' dir='ltr'>recto</span> <span class='ocrx_word' id='word_1_256' title='bbox 1391 2195 1491 2234; x_wconf 89' lang='lat' dir='ltr'>sunt</span> <span class='ocrx_word' id='word_1_257' title='bbox 1513 2193 1642 2234; x_wconf 84' lang='lat' dir='ltr'>corde.</span> 
     </span>
     <span class='ocr_line' id='line_1_29' title="bbox 153 2259 1647 2314; baseline 0 -13"><span class='ocrx_word' id='word_1_258' title='bbox 153 2273 238 2301; x_wconf 89' lang='lat' dir='ltr'>non</span> <span class='ocrx_word' id='word_1_259' title='bbox 259 2260 405 2301; x_wconf 85' lang='lat' dir='ltr'>ueniat</span> <span class='ocrx_word' id='word_1_260' title='bbox 427 2259 530 2300; x_wconf 81' lang='lat' dir='ltr'>mihi</span> <span class='ocrx_word' id='word_1_261' title='bbox 547 2273 621 2312; x_wconf 81' lang='lat' dir='ltr'>pes</span> <span class='ocrx_word' id='word_1_262' title='bbox 640 2260 869 2313; x_wconf 77' lang='lat' dir='ltr'>superbiae,</span> <span class='ocrx_word' id='word_1_263' title='bbox 902 2263 938 2302; x_wconf 88' lang='lat' dir='ltr'>et</span> <span class='ocrx_word' id='word_1_264' title='bbox 959 2274 1109 2302; x_wconf 82' lang='lat' dir='ltr'>manus</span> <span class='ocrx_word' id='word_1_265' title='bbox 1122 2262 1355 2314; x_wconf 79' lang='lat' dir='ltr'>peccatoris</span> <span class='ocrx_word' id='word_1_266' title='bbox 1377 2275 1460 2302; x_wconf 84' lang='lat' dir='ltr'>non</span> <span class='ocrx_word' id='word_1_267' title='bbox 1482 2263 1647 2302; x_wconf 85' lang='lat' dir='ltr'>moueat</span> 
     </span>
     <span class='ocr_line' id='line_1_30' title="bbox 153 2328 1645 2382; baseline 0 -13"><span class='ocrx_word' id='word_1_268' title='bbox 153 2341 226 2369; x_wconf 85' lang='lat' dir='ltr'>me.</span> <span class='ocrx_word' id='word_1_269' title='bbox 273 2328 331 2369; x_wconf 88' lang='lat' dir='ltr'>ibi</span> <span class='ocrx_word' id='word_1_270' title='bbox 361 2328 598 2369; x_wconf 84' lang='lat' dir='ltr'>ceciderunt</span> <span class='ocrx_word' id='word_1_271' title='bbox 626 2341 764 2370; x_wconf 86' lang='lat' dir='ltr'>omnes</span> <span class='ocrx_word' id='word_1_272' title='bbox 794 2329 866 2381; x_wconf 83' lang='lat' dir='ltr'>qui</span> <span class='ocrx_word' id='word_1_273' title='bbox 903 2333 1132 2381; x_wconf 78' lang='lat' dir='ltr'>operantur</span> <span class='ocrx_word' id='word_1_274' title='bbox 1162 2330 1442 2382; x_wconf 78' lang='lat' dir='ltr'>iniquitatem,</span> <span class='ocrx_word' id='word_1_275' title='bbox 1483 2329 1645 2381; x_wconf 77' lang='lat' dir='ltr'>expulsi</span> 
     </span>
     <span class='ocr_line' id='line_1_31' title="bbox 102 2397 1648 2450; baseline -0.001 -12"><span class='ocrx_word' id='word_1_276' title='bbox 102 2399 250 2438; x_wconf 79' lang='lat' dir='ltr'>³⁰sunt</span> <span class='ocrx_word' id='word_1_277' title='bbox 280 2409 352 2438; x_wconf 85' lang='lat' dir='ltr'>nec</span> <span class='ocrx_word' id='word_1_278' title='bbox 376 2399 574 2449; x_wconf 81' lang='lat' dir='ltr'>poterunt</span> <span class='ocrx_word' id='word_1_279' title='bbox 605 2400 726 2439; x_wconf 86' lang='lat' dir='ltr'>stare.</span> <span class='ocrx_word' id='word_1_280' title='bbox 788 2397 885 2450; x_wconf 90' lang='lat' dir='ltr'>quid</span> <span class='ocrx_word' id='word_1_281' title='bbox 926 2397 1060 2439; x_wconf 81' lang='lat' dir='ltr'>dicis‘?</span> <span class='ocrx_word' id='word_1_282' title='bbox 1120 2398 1217 2439; x_wconf 89' lang='lat' dir='ltr'>talis</span> <span class='ocrx_word' id='word_1_283' title='bbox 1257 2399 1320 2439; x_wconf 88' lang='lat' dir='ltr'>est</span> <span class='ocrx_word' id='word_1_284' title='bbox 1359 2397 1648 2439; x_wconf 76' lang='lat' dir='ltr'>misericordia</span> 
     </span>
     <span class='ocr_line' id='line_1_32' title="bbox 156 2464 1645 2518; baseline -0.001 -12"><span class='ocrx_word' id='word_1_285' title='bbox 156 2464 221 2506; x_wconf 91' lang='lat' dir='ltr'>dei</span> <span class='ocrx_word' id='word_1_286' title='bbox 255 2478 299 2506; x_wconf 89' lang='lat' dir='ltr'>ac</span> <span class='ocrx_word' id='word_1_287' title='bbox 332 2465 505 2508; x_wconf 84' lang='lat' dir='ltr'>iustitia.</span> <span class='ocrx_word' id='word_1_288' title='bbox 539 2466 585 2506; x_wconf 90' lang='lat' dir='ltr'>ut</span> <span class='ocrx_word' id='word_1_289' title='bbox 617 2466 809 2506; x_wconf 72' lang='lat' dir='ltr'>absentes</span> <span class='ocrx_word' id='word_1_290' title='bbox 842 2467 882 2506; x_wconf 93' lang='lat' dir='ltr'>et</span> <span class='ocrx_word' id='word_1_291' title='bbox 913 2466 1087 2507; x_wconf 88' lang='lat' dir='ltr'>inauditi</span> <span class='ocrx_word' id='word_1_292' title='bbox 1122 2466 1380 2514; x_wconf 85' lang='lat' dir='ltr'>damnentur,</span> <span class='ocrx_word' id='word_1_293' title='bbox 1415 2467 1455 2506; x_wconf 93' lang='lat' dir='ltr'>et</span> <span class='ocrx_word' id='word_1_294' title='bbox 1477 2465 1645 2518; x_wconf 87' lang='lat' dir='ltr'>quidem</span> 
     </span>
     <span class='ocr_line' id='line_1_33' title="bbox 154 2532 1646 2587; baseline -0.001 -13"><span class='ocrx_word' id='word_1_295' title='bbox 154 2532 405 2582; x_wconf 81' lang='lat' dir='ltr'>innocentes,</span> <span class='ocrx_word' id='word_1_296' title='bbox 440 2546 541 2586; x_wconf 89' lang='lat' dir='ltr'>quos</span> <span class='ocrx_word' id='word_1_297' title='bbox 572 2534 715 2587; x_wconf 91' lang='lat' dir='ltr'>punire</span> <span class='ocrx_word' id='word_1_298' title='bbox 748 2547 820 2575; x_wconf 86' lang='lat' dir='ltr'>nec</span> <span class='ocrx_word' id='word_1_299' title='bbox 854 2536 1093 2587; x_wconf 83' lang='lat' dir='ltr'>praesentes</span> <span class='ocrx_word' id='word_1_300' title='bbox 1114 2534 1242 2575; x_wconf 75' lang='lat' dir='ltr'>licet?</span> <span class='ocrx_word' id='word_1_301' title='bbox 1275 2533 1349 2575; x_wconf 87' lang='lat' dir='ltr'>sed</span> <span class='ocrx_word' id='word_1_302' title='bbox 1374 2534 1472 2587; x_wconf 90' lang='lat' dir='ltr'>quid</span> <span class='ocrx_word' id='word_1_303' title='bbox 1495 2533 1646 2574; x_wconf 83' lang='lat' dir='ltr'>mirum</span> 
     </span>
     <span class='ocr_line' id='line_1_34' title="bbox 156 2601 1645 2656; baseline -0.001 -13"><span class='ocrx_word' id='word_1_304' title='bbox 156 2602 189 2643; x_wconf 88' lang='lat' dir='ltr'>si</span> <span class='ocrx_word' id='word_1_305' title='bbox 220 2603 320 2643; x_wconf 88' lang='lat' dir='ltr'>haec</span> <span class='ocrx_word' id='word_1_306' title='bbox 355 2602 442 2644; x_wconf 88' lang='lat' dir='ltr'>fieri</span> <span class='ocrx_word' id='word_1_307' title='bbox 474 2603 695 2653; x_wconf 86' lang='lat' dir='ltr'>mandasti,</span> <span class='ocrx_word' id='word_1_308' title='bbox 728 2603 849 2644; x_wconf 90' lang='lat' dir='ltr'>homo</span> <span class='ocrx_word' id='word_1_309' title='bbox 882 2602 1070 2644; x_wconf 80' lang='lat' dir='ltr'>nesciens</span> <span class='ocrx_word' id='word_1_310' title='bbox 1103 2603 1260 2644; x_wconf 78' lang='lat' dir='ltr'>deum?</span> <span class='ocrx_word' id='word_1_311' title='bbox 1295 2603 1393 2656; x_wconf 90' lang='lat' dir='ltr'>quid</span> <span class='ocrx_word' id='word_1_312' title='bbox 1414 2603 1577 2649; x_wconf 82' lang='lat' dir='ltr'>mirum,</span> <span class='ocrx_word' id='word_1_313' title='bbox 1612 2601 1645 2642; x_wconf 90' lang='lat' dir='ltr'>si</span> 
     </span>
    </p>
   </div>
   <div class='ocr_carea' id='block_1_3' title="bbox 158 2726 1648 2816">
    <p class='ocr_par' dir='ltr' id='par_1_5' title="bbox 158 2726 1648 2816">
     <span class='ocr_line' id='line_1_35' title="bbox 291 2726 1648 2767; baseline -0.001 -7"><span class='ocrx_word' id='word_1_314' title='bbox 291 2727 311 2760; x_wconf 89' lang='lat'>5</span> <span class='ocrx_word' id='word_1_315' title='bbox 335 2726 392 2762; x_wconf 84' lang='lat' dir='ltr'>Ps.</span> <span class='ocrx_word' id='word_1_316' title='bbox 417 2727 472 2767; x_wconf 85' lang='lat'>32,</span> <span class='ocrx_word' id='word_1_317' title='bbox 498 2727 518 2760; x_wconf 85' lang='lat'>5</span> <span class='ocrx_word' id='word_1_318' title='bbox 611 2728 632 2761; x_wconf 90' lang='grc'><strong>9</strong></span> <span class='ocrx_word' id='word_1_319' title='bbox 656 2727 713 2761; x_wconf 87' lang='lat' dir='ltr'>Ps.</span> <span class='ocrx_word' id='word_1_320' title='bbox 738 2727 793 2766; x_wconf 82' lang='lat'>33,</span> <span class='ocrx_word' id='word_1_321' title='bbox 825 2726 953 2761; x_wconf 85' lang='lat'>13—15</span> <span class='ocrx_word' id='word_1_322' title='bbox 1048 2727 1089 2760; x_wconf 90' lang='grc'>16</span> <span class='ocrx_word' id='word_1_323' title='bbox 1107 2726 1162 2761; x_wconf 82' lang='lat' dir='ltr'>Ps.</span> <span class='ocrx_word' id='word_1_324' title='bbox 1181 2726 1236 2765; x_wconf 82' lang='lat'>35,</span> <span class='ocrx_word' id='word_1_325' title='bbox 1255 2726 1343 2760; x_wconf 83' lang='lat'>2—5</span> <span class='ocrx_word' id='word_1_326' title='bbox 1437 2726 1479 2760; x_wconf 88' lang='grc'>26</span> <span class='ocrx_word' id='word_1_327' title='bbox 1505 2726 1562 2761; x_wconf 82' lang='lat' dir='ltr'>Ps.</span> <span class='ocrx_word' id='word_1_328' title='bbox 1583 2726 1648 2765; x_wconf 77' lang='lat'>35,</span> 
     </span>
     <span class='ocr_line' id='line_1_36' title="bbox 158 2781 289 2816; baseline 0 0"><span class='ocrx_word' id='word_1_329' title='bbox 158 2781 289 2816; x_wconf 86' lang='lat'>11—13</span> 
     </span>
    </p>
   </div>
   <div class='ocr_carea' id='block_1_4' title="bbox 226 2864 1461 2930">
    <p class='ocr_par' dir='ltr' id='par_1_6' title="bbox 226 2864 1461 2930">
     <span class='ocr_line' id='line_1_37' title="bbox 226 2864 1461 2930; baseline 0.001 -12"><span class='ocrx_word' id='word_1_330' title='bbox 226 2886 240 2918; x_wconf 94' lang='lat'>1</span> <span class='ocrx_word' id='word_1_331' title='bbox 268 2887 381 2919; x_wconf 84' lang='lat' dir='ltr'>tecum</span> <span class='ocrx_word' id='word_1_332' title='bbox 406 2887 444 2925; x_wconf 83' lang='lat' dir='ltr'>V,</span> <span class='ocrx_word' id='word_1_333' title='bbox 470 2888 565 2920; x_wconf 82' lang='lat' dir='ltr'>tuam</span> <span class='ocrx_word' id='word_1_334' title='bbox 593 2898 610 2920; x_wconf 73' lang='lat' dir='ltr'><strong><em>v</em></strong></span> <span class='ocrx_word' id='word_1_335' title='bbox 702 2886 723 2920; x_wconf 81' lang='lat'>2</span> <span class='ocrx_word' id='word_1_336' title='bbox 748 2864 865 2930; x_wconf 63' lang='lat' dir='ltr'>posses</span> <span class='ocrx_word' id='word_1_337' title='bbox 889 2887 911 2928; x_wconf 63' lang='grc' dir='ltr'>(ί</span> <span class='ocrx_word' id='word_1_338' title='bbox 938 2898 980 2919; x_wconf 82' lang='grc' dir='ltr'>ηι.</span> <span class='ocrx_word' id='word_1_339' title='bbox 1007 2896 1090 2929; x_wconf 83' lang='lat' dir='ltr'>rec.)</span> <span class='ocrx_word' id='word_1_340' title='bbox 1185 2886 1228 2920; x_wconf 84' lang='lat'>23</span> <span class='ocrx_word' id='word_1_341' title='bbox 1253 2886 1461 2921; x_wconf 75' lang='lat' dir='ltr'>scariotham</span> 
     </span>
    </p>
   </div>
  </div>
 </body>
</html>
