1934 3278
399 546 474 630 f

555 724 1158 800 PRAEFATIO.

161 976 355 1036 Luciferi
397 991 713 1046 opusculorum,
757 1003 864 1045 quae
904 991 983 1032 hoc
1020 990 1217 1032 uolumen
1259 989 1462 1040 continet,
1503 1000 1610 1029 unus

106 1066 242 1108 exstat
279 1063 411 1106 codex
441 1062 689 1117 Reginensis
723 1066 794 1118 (=
827 1062 885 1115 V)
922 1062 1014 1104 133.
1045 1061 1219 1103 membr.
1253 1073 1362 1103 saec.
1395 1059 1554 1102 IX——X
1587 1072 1610 1100 a

104 1132 446 1178 Reifferscheidio
471 1131 666 1173 accurate
686 1131 729 1172 in
750 1131 1015 1173 Bibliotheca
1034 1131 1200 1184 patrum
1220 1129 1446 1171 latinorum
1465 1128 1611 1170 italica

105 1206 124 1246 I
155 1217 194 1258 p.
227 1203 310 1245 383
354 1201 589 1254 descriptus
627 1199 741 1241 idem
783 1212 907 1253 quem
936 1199 978 1241 in
1010 1199 1246 1242 Christinae
1277 1199 1533 1241 bibliotheca
1565 1210 1609 1239 se

104 1272 262 1314 uidisse
310 1272 364 1312 Is.
396 1268 572 1312 Vossius
610 1268 806 1318 testatur,
854 1281 988 1322 neque
1035 1268 1104 1322 qui
1146 1269 1241 1310 ante
1274 1281 1348 1310 nos
1381 1280 1430 1309 ea
1459 1266 1607 1321 impri-

103 1340 257 1383 menda
303 1339 556 1381 curauerunt
603 1337 710 1380 alius
749 1338 845 1380 libri
885 1338 927 1379 in
960 1337 1232 1380 emendandis
1264 1337 1403 1378 uerbis
1435 1349 1511 1390 ope
1543 1336 1607 1377 usi

104 1410 212 1451 sunt.
246 1410 467 1450 Ioannes
491 1406 665 1448 Tilius
689 1409 760 1461 (=
779 1407 819 1460 v)
844 1406 1013 1460 quidem
1035 1406 1255 1459 episcopus
1271 1404 1515 1454 Meldensis,
1540 1404 1609 1458 qui

106 1477 332 1519 editionem
354 1476 584 1530 principem
608 1488 644 1517 a.
670 1476 778 1518 1568
801 1475 972 1517 Parisiis
1003 1475 1113 1529 apud
1134 1475 1386 1516 Michaelem
1410 1473 1606 1516 Sonnium

105 1548 180 1589 sub
221 1546 339 1589 scuto
371 1544 593 1586 Basiliensi
623 1544 693 1586 uia
716 1545 923 1586 Iacobaea
943 1543 1188 1598 publicauit,
1232 1543 1342 1585 unde
1376 1542 1607 1585 Calaritani

104 1615 259 1668 scripta
292 1613 537 1667 deprompta
568 1613 650 1654 sint
681 1625 760 1655 non
794 1612 897 1654 dicit
928 1613 1053 1666 atque
1078 1625 1173 1654 cum
1199 1611 1464 1654 Corbeiensis
1487 1611 1606 1653 codi-

103 1683 164 1725 cis
196 1695 254 1724 nr.
287 1682 371 1724 245
410 1681 656 1723 memoriam
697 1681 879 1735 catalogi
923 1681 1011 1723 eius
1042 1681 1325 1723 bibliothecae
1357 1681 1608 1723 conseruent

106 1752 174 1807 (cf.
208 1751 366 1793 Delisle
405 1751 446 1791 in
477 1750 771 1804 Bibliotheque
804 1750 855 1792 de
886 1750 1034 1794 l'ecole
1077 1749 1127 1792 de
1159 1750 1326 1792 chartes
1359 1763 1390 1792 s.
1423 1750 1473 1791 V.
1506 1749 1605 1790 tom.

105 1822 121 1862 Ι
154 1833 191 1874 p.
224 1819 464 1869 499—511‚
500 1818 549 1862 G.
582 1818 743 1860 Becker
775 1819 910 1861 Catal.
943 1818 1043 1861 bibl.
1080 1819 1237 1873 antiqui
1268 1832 1306 1872 p.
1340 1819 1457 1871 283),
1500 1818 1606 1859 hunc

101 1889 256 1931 librum
290 1901 313 1930 a
345 1886 452 1930 Tilio
482 1888 729 1941 usurpatum
763 1900 853 1930 esse
890 1887 1015 1930 facile
1047 1888 1249 1936 conicias3
1284 1901 1330 1930 eo
1364 1888 1472 1929 enim
1504 1899 1607 1928 con-

101 1957 343 1999 tinebantur
373 1957 593 1998 ‘Iohannes
623 1956 835 1998 Diaconus
868 1969 992 2011 super
1023 1958 1365 2011 pentateuchum.
1425 1956 1605 1998 Luciferi

105 2026 288 2079 episcopi
320 2038 393 2079 pro
415 2024 644 2066 Athanasio
674 2024 769 2067 libri
803 2025 897 2067 duo.
943 2025 993 2067 de
1024 2026 1194 2080 regibus
1228 2025 1470 2079 apostaticis
1501 2024 1607 2067 liber

103 2107 221 2136 unus.
273 2095 322 2137 de
363 2106 442 2136 non
475 2093 759 2135 conueniendo
792 2105 887 2135 cum
921 2094 1117 2136 hereticis
1149 2095 1254 2137 liber
1285 2107 1403 2136 unus.
1444 2093 1494 2135 de
1526 2106 1605 2135 non

102 2163 310 2215 parcendo
341 2162 381 2204 in
416 2162 540 2203 deum
563 2161 902 2215 delinquentibus
924 2163 1028 2204 liber
1051 2176 1170 2205 unus.
1214 2163 1323 2217 quod
1345 2162 1604 2204 moriendum

103 2230 157 2271 sit
202 2243 274 2284 pro
321 2230 387 2272 dei
434 2230 519 2272 filio
564 2230 671 2272 liber
718 2243 837 2272 unus.
892 2231 1068 2285 epistola
1102 2231 1298 2274 Florentii
1338 2231 1445 2273 liber
1485 2244 1603 2271 unus.

102 2299 320 2340 Athanasii
365 2298 459 2340 libri
503 2298 595 2340 duo.
646 2298 754 2341 liber
796 2300 848 2341 ad
891 2299 1196 2342 Constantium.
1248 2299 1504 2342 Athanasius
1553 2299 1602 2340 ad

101 2367 353 2416 monachos’,
402 2379 507 2420 quae
550 2367 696 2408 eodem
730 2367 873 2409 ordine
906 2367 1033 2410 editio
1065 2370 1204 2418 habet,
1253 2369 1330 2410 nisi
1363 2367 1472 2421 quod
1506 2367 1603 2408 Flo-

100 2435 222 2476 rentii
265 2436 317 2477 ad
347 2435 586 2478 Luciferum
628 2436 807 2489 epistula
849 2437 1021 2491 eiusque
1059 2450 1305 2491 responsum
1337 2437 1378 2478 in
1410 2437 1602 2490 catalogo

101 2504 147 2544 ut
190 2504 377 2557 ‘epistola
409 2504 606 2546 Florentii
655 2505 761 2547 liber
802 2507 920 2548 unus'
966 2507 1246 2549 numerentur.
1301 2518 1324 2547 a
1354 2506 1471 2548 nobis
1502 2519 1604 2547 uero

101 2572 232 2614 codex
271 2573 343 2614 ille
382 2573 537 2615 frustra
568 2574 782 2628 quaesitus
815 2576 879 2617 est
911 2576 953 2617 et
983 2588 1113 2629 nuper
1145 2575 1284 2624 etiam,
1318 2588 1413 2616 cum
1444 2574 1603 2617 Delislo

99 2641 247 2683 harum
280 2654 419 2683 rerum
451 2642 793 2697 religiosissimus
826 2645 868 2686 et
900 2644 1168 2686 doctissimus
1201 2644 1346 2686 auctor
1378 2643 1417 2684 in
1449 2643 1602 2685 biblio-

100 2709 224 2751 theca
255 2709 444 2752 Parisina
484 2711 560 2752 sub
593 2724 650 2754 nr.
689 2712 825 2754 12309
868 2714 1031 2755 exstare
1075 2725 1169 2754 eum
1211 2712 1357 2754 testari
1388 2711 1603 2753 uideretur

102 2776 171 2830 (cf.
205 2777 383 2820 Cabinet
414 2778 488 2821 des
517 2791 617 2821 mss.
651 2781 691 2821 11
724 2793 761 2833 p.
785 2781 902 2833 438),
935 2781 982 2822 E.
1014 2781 1245 2823 Haulerum
1277 2794 1417 2822 meum
1448 2779 1600 2821 litteris

101 2845 198 2895 adii,
232 2847 277 2887 ut
309 2846 444 2889 denuo
475 2847 592 2889 illum
625 2848 813 2890 codicem
844 2849 1080 2902 inspiceret,
1114 2862 1211 2891 num
1235 2849 1338 2891 forte
1360 2849 1400 2890 in
1423 2861 1470 2890 eo
1493 2860 1598 2901 quac

168 2924 275 2959 XIIII.
1444 2938 1464 2961 a
