<?xml version="1.0" encoding="UTF-8"?>
<!DOCTYPE html PUBLIC "-//W3C//DTD XHTML 1.0 Transitional//EN"
    "http://www.w3.org/TR/xhtml1/DTD/xhtml1-transitional.dtd">
<html xmlns="http://www.w3.org/1999/xhtml" xml:lang="en" lang="en">
 <head>
  <title>
</title>
<meta http-equiv="Content-Type" content="text/html;charset=utf-8" />
  <meta name='ocr-system' content='tesseract 3.04.00' />
  <meta name='ocr-capabilities' content='ocr_page ocr_carea ocr_par ocr_line ocrx_word'/>
</head>
<body>
  <div class='ocr_page' id='page_1' title='image "./corpusscriptorum14luciuoft_0163.png"; bbox 0 0 1934 3278; ppageno 0'>
   <div class='ocr_carea' id='block_1_1' title="bbox 595 245 1637 288">
    <p class='ocr_par' dir='ltr' id='par_1_1' title="bbox 595 245 1637 288">
     <span class='ocr_line' id='line_1_1' title="bbox 595 245 1637 288; baseline 0.003 -8"><span class='ocrx_word' id='word_1_1' title='bbox 595 245 649 280; x_wconf 86' lang='lat' dir='ltr'><strong><em>De</em></strong></span> <span class='ocrx_word' id='word_1_2' title='bbox 674 247 795 280; x_wconf 83' lang='lat' dir='ltr'><strong><em>sancto</em></strong></span> <span class='ocrx_word' id='word_1_3' title='bbox 820 245 1018 280; x_wconf 75' lang='lat' dir='ltr'><strong>Athanasio</strong></span> <span class='ocrx_word' id='word_1_4' title='bbox 1043 245 1132 279; x_wconf 90' lang='lat' dir='ltr'><strong><em>liber</em></strong></span> <span class='ocrx_word' id='word_1_5' title='bbox 1155 245 1180 279; x_wconf 87' lang='grc' dir='ltr'><strong><em>Ι.</em></strong></span> <span class='ocrx_word' id='word_1_6' title='bbox 1560 247 1637 288; x_wconf 89' lang='grc'><strong><em>111</em></strong></span> 
     </span>
    </p>
   </div>
   <div class='ocr_carea' id='block_1_2' title="bbox 95 370 1651 2550">
    <p class='ocr_par' dir='ltr' id='par_1_2' title="bbox 144 370 1643 630">
     <span class='ocr_line' id='line_1_2' title="bbox 144 370 1642 424; baseline -0.002 -9"><span class='ocrx_word' id='word_1_7' title='bbox 144 373 255 415; x_wconf 86' lang='lat' dir='ltr'><strong><em>enim</em></strong></span> <span class='ocrx_word' id='word_1_8' title='bbox 285 385 379 414; x_wconf 90' lang='lat' dir='ltr'><strong><em>cum</em></strong></span> <span class='ocrx_word' id='word_1_9' title='bbox 410 384 474 412; x_wconf 91' lang='lat' dir='ltr'><strong><em>me</em></strong></span> <span class='ocrx_word' id='word_1_10' title='bbox 503 370 768 420; x_wconf 79' lang='lat' dir='ltr'><strong><em>inuocabitiS,</em></strong></span> <span class='ocrx_word' id='word_1_11' title='bbox 799 383 870 423; x_wconf 75' lang='lat' dir='ltr'><strong><em>eqo</em></strong></span> <span class='ocrx_word' id='word_1_12' title='bbox 901 373 1040 412; x_wconf 92' lang='lat' dir='ltr'><strong><em>autem</em></strong></span> <span class='ocrx_word' id='word_1_13' title='bbox 1060 383 1146 412; x_wconf 90' lang='lat' dir='ltr'><strong><em>non</em></strong></span> <span class='ocrx_word' id='word_1_14' title='bbox 1165 370 1404 413; x_wconf 78' lang='lat' dir='ltr'><strong><em>exaudiam.</em></strong></span> <span class='ocrx_word' id='word_1_15' title='bbox 1443 375 1642 424; x_wconf 76' lang='lat' dir='ltr'><em>quaerent</em></span> 
     </span>
     <span class='ocr_line' id='line_1_3' title="bbox 145 438 1643 492; baseline -0.001 -10"><span class='ocrx_word' id='word_1_16' title='bbox 145 454 207 483; x_wconf 86' lang='lat' dir='ltr'><strong><em>me</em></strong></span> <span class='ocrx_word' id='word_1_17' title='bbox 236 440 344 482; x_wconf 88' lang='lat' dir='ltr'><strong><em>mali</em></strong></span> <span class='ocrx_word' id='word_1_18' title='bbox 376 442 415 481; x_wconf 87' lang='lat' dir='ltr'><strong><em>et</em></strong></span> <span class='ocrx_word' id='word_1_19' title='bbox 443 453 528 481; x_wconf 87' lang='lat' dir='ltr'><strong><em>non</em></strong></span> <span class='ocrx_word' id='word_1_20' title='bbox 561 439 789 480; x_wconf 85' lang='lat' dir='ltr'><strong><em>inuenient.</em></strong></span> <span class='ocrx_word' id='word_1_21' title='bbox 842 438 1018 480; x_wconf 87' lang='lat' dir='ltr'><strong><em>oderunt</em></strong></span> <span class='ocrx_word' id='word_1_22' title='bbox 1038 439 1151 480; x_wconf 89' lang='lat' dir='ltr'><strong><em>enim</em></strong></span> <span class='ocrx_word' id='word_1_23' title='bbox 1170 439 1440 492; x_wconf 75' lang='lat' dir='ltr'><em>sapientiam,</em></span> <span class='ocrx_word' id='word_1_24' title='bbox 1472 440 1643 481; x_wconf 88' lang='lat' dir='ltr'><strong><em>uerbum</em></strong></span> 
     </span>
     <span class='ocr_line' id='line_1_4' title="bbox 145 507 1642 562; baseline -0.002 -11"><span class='ocrx_word' id='word_1_25' title='bbox 145 512 284 551; x_wconf 88' lang='lat' dir='ltr'><strong><em>autem</em></strong></span> <span class='ocrx_word' id='word_1_26' title='bbox 314 509 481 551; x_wconf 87' lang='lat' dir='ltr'><strong><em>domini</em></strong></span> <span class='ocrx_word' id='word_1_27' title='bbox 511 521 599 549; x_wconf 90' lang='lat' dir='ltr'><strong><em>non</em></strong></span> <span class='ocrx_word' id='word_1_28' title='bbox 629 508 969 562; x_wconf 76' lang='lat' dir='ltr'><strong><em>adsumpserunt,</em></strong></span> <span class='ocrx_word' id='word_1_29' title='bbox 1008 520 1135 560; x_wconf 78' lang='lat' dir='ltr'><strong><em>neque</em></strong></span> <span class='ocrx_word' id='word_1_30' title='bbox 1164 507 1390 549; x_wconf 91' lang='lat' dir='ltr'><strong><em>uoluerunt</em></strong></span> <span class='ocrx_word' id='word_1_31' title='bbox 1418 508 1519 549; x_wconf 90' lang='lat' dir='ltr'><strong><em>meis</em></strong></span> <span class='ocrx_word' id='word_1_32' title='bbox 1549 521 1642 549; x_wconf 90' lang='lat' dir='ltr'><strong><em>con-</em></strong></span> 
     </span>
     <span class='ocr_line' id='line_1_5' title="bbox 144 577 1642 630; baseline -0.001 -10"><span class='ocrx_word' id='word_1_33' title='bbox 144 578 256 620; x_wconf 86' lang='lat' dir='ltr'><strong><em>siliis</em></strong></span> <span class='ocrx_word' id='word_1_34' title='bbox 286 577 524 628; x_wconf 85' lang='lat' dir='ltr'><strong><em>intendere;</em></strong></span> <span class='ocrx_word' id='word_1_35' title='bbox 554 579 804 630; x_wconf 88' lang='lat' dir='ltr'><strong><em>spreuerunt</em></strong></span> <span class='ocrx_word' id='word_1_36' title='bbox 832 577 946 618; x_wconf 88' lang='lat' dir='ltr'><strong><em>enim</em></strong></span> <span class='ocrx_word' id='word_1_37' title='bbox 970 589 1084 619; x_wconf 90' lang='lat' dir='ltr'><strong><em>meas</em></strong></span> <span class='ocrx_word' id='word_1_38' title='bbox 1113 577 1437 629; x_wconf 73' lang='lat' dir='ltr'><strong><em>increpationes.</em></strong></span> <span class='ocrx_word' id='word_1_39' title='bbox 1471 577 1642 630; x_wconf 79' lang='lat' dir='ltr'><strong><em>ideoque</em></strong></span> 
     </span>
    </p>

    <p class='ocr_par' dir='ltr' id='par_1_3' title="bbox 112 645 1643 767">
     <span class='ocr_line' id='line_1_6' title="bbox 112 645 1643 698; baseline 0 -12"><span class='ocrx_word' id='word_1_40' title='bbox 112 647 265 689; x_wconf 70' lang='lat' dir='ltr'><strong><em>sedent</em></strong></span> <span class='ocrx_word' id='word_1_41' title='bbox 295 647 392 688; x_wconf 89' lang='lat' dir='ltr'><strong><em>uiae</em></strong></span> <span class='ocrx_word' id='word_1_42' title='bbox 422 659 522 686; x_wconf 89' lang='lat' dir='ltr'><strong><em>suae</em></strong></span> <span class='ocrx_word' id='word_1_43' title='bbox 550 646 715 698; x_wconf 79' lang='lat' dir='ltr'><strong><em>fructus</em></strong></span> <span class='ocrx_word' id='word_1_44' title='bbox 752 648 792 686; x_wconf 91' lang='lat' dir='ltr'><strong><em>et</em></strong></span> <span class='ocrx_word' id='word_1_45' title='bbox 819 657 898 686; x_wconf 82' lang='lat' dir='ltr'><strong><em>sua</em></strong></span> <span class='ocrx_word' id='word_1_46' title='bbox 935 645 1145 697; x_wconf 88' lang='lat' dir='ltr'><strong><em>impietate</em></strong></span> <span class='ocrx_word' id='word_1_47' title='bbox 1175 645 1430 687; x_wconf 86' lang='lat' dir='ltr'><strong><em>saturabunt</em></strong></span> <span class='ocrx_word' id='word_1_48' title='bbox 1460 645 1643 687; x_wconf 89' lang='lat' dir='ltr'><strong><em>animas.</em></strong></span> 
     </span>
     <span class='ocr_line' id='line_1_7' title="bbox 144 712 1269 767; baseline -0.001 -11"><span class='ocrx_word' id='word_1_49' title='bbox 144 729 247 756; x_wconf 90' lang='lat' dir='ltr'><strong><em>nam</em></strong></span> <span class='ocrx_word' id='word_1_50' title='bbox 277 715 381 767; x_wconf 81' lang='lat' dir='ltr'><strong><em>quia</em></strong></span> <span class='ocrx_word' id='word_1_51' title='bbox 412 714 673 766; x_wconf 78' lang='lat' dir='ltr'><strong><em>decipiebant</em></strong></span> <span class='ocrx_word' id='word_1_52' title='bbox 694 712 917 767; x_wconf 83' lang='lat' dir='ltr'><strong><em>paruulos,</em></strong></span> <span class='ocrx_word' id='word_1_53' title='bbox 949 713 1269 766; x_wconf 67' lang='lat' dir='ltr'><strong><em>interficientur.</em></strong></span> 
     </span>
    </p>

    <p class='ocr_par' dir='ltr' id='par_1_4' title="bbox 145 781 1644 972">
     <span class='ocr_line' id='line_1_8' title="bbox 201 781 1642 835; baseline 0 -11"><span class='ocrx_word' id='word_1_54' title='bbox 201 782 352 824; x_wconf 90' lang='lat' dir='ltr'>XXVI.</span> <span class='ocrx_word' id='word_1_55' title='bbox 386 782 568 823; x_wconf 89' lang='lat' dir='ltr'><strong><em>Interfici</em></strong></span> <span class='ocrx_word' id='word_1_56' title='bbox 600 782 713 822; x_wconf 90' lang='lat' dir='ltr'><strong><em>certe</em></strong></span> <span class='ocrx_word' id='word_1_57' title='bbox 743 782 884 822; x_wconf 89' lang='lat' dir='ltr'><strong><em>tecum</em></strong></span> <span class='ocrx_word' id='word_1_58' title='bbox 915 781 1177 822; x_wconf 81' lang='lat' dir='ltr'><strong><em>merebamur</em></strong></span> <span class='ocrx_word' id='word_1_59' title='bbox 1215 782 1257 822; x_wconf 90' lang='lat' dir='ltr'><strong><em>et</em></strong></span> <span class='ocrx_word' id='word_1_60' title='bbox 1288 782 1455 835; x_wconf 90' lang='lat' dir='ltr'><strong><em>quidem</em></strong></span> <span class='ocrx_word' id='word_1_61' title='bbox 1497 795 1520 823; x_wconf 94' lang='lat' dir='ltr'><strong><em>a</em></strong></span> <span class='ocrx_word' id='word_1_62' title='bbox 1551 782 1642 831; x_wconf 67' lang='lat' dir='ltr'><strong><em>deo,</em></strong></span> 
     </span>
     <span class='ocr_line' id='line_1_9' title="bbox 145 849 1643 904; baseline 0.001 -12"><span class='ocrx_word' id='word_1_63' title='bbox 145 851 179 893; x_wconf 88' lang='lat' dir='ltr'><strong><em>si</em></strong></span> <span class='ocrx_word' id='word_1_64' title='bbox 210 852 350 892; x_wconf 89' lang='lat' dir='ltr'><strong><em>tecum</em></strong></span> <span class='ocrx_word' id='word_1_65' title='bbox 373 851 440 892; x_wconf 91' lang='lat' dir='ltr'><strong><em>dei</em></strong></span> <span class='ocrx_word' id='word_1_66' title='bbox 462 851 671 892; x_wconf 89' lang='lat' dir='ltr'><strong><em>hominem</em></strong></span> <span class='ocrx_word' id='word_1_67' title='bbox 693 849 914 891; x_wconf 85' lang='lat' dir='ltr'><strong><em>fuissemus</em></strong></span> <span class='ocrx_word' id='word_1_68' title='bbox 936 850 1156 903; x_wconf 89' lang='lat' dir='ltr'><strong><em>persecuti.</em></strong></span> <span class='ocrx_word' id='word_1_69' title='bbox 1206 850 1281 892; x_wconf 89' lang='lat' dir='ltr'><strong><em>sed</em></strong></span> <span class='ocrx_word' id='word_1_70' title='bbox 1302 851 1508 904; x_wconf 91' lang='lat' dir='ltr'><strong><em>quomodo</em></strong></span> <span class='ocrx_word' id='word_1_71' title='bbox 1529 851 1643 893; x_wconf 90' lang='lat' dir='ltr'><strong><em>istud</em></strong></span> 
     </span>
     <span class='ocr_line' id='line_1_10' title="bbox 145 918 1644 972; baseline 0 -12"><span class='ocrx_word' id='word_1_72' title='bbox 145 920 423 961; x_wconf 78' lang='lat' dir='ltr'><strong><em>fecissemus?</em></strong></span> <span class='ocrx_word' id='word_1_73' title='bbox 467 919 537 972; x_wconf 90' lang='lat' dir='ltr'><strong><em>qui</em></strong></span> <span class='ocrx_word' id='word_1_74' title='bbox 560 918 796 960; x_wconf 82' lang='lat' dir='ltr'><strong><em>sciebamus</em></strong></span> <span class='ocrx_word' id='word_1_75' title='bbox 814 918 1034 971; x_wconf 88' lang='lat' dir='ltr'><strong><em>scriptum:</em></strong></span> <span class='ocrx_word' id='word_1_76' title='bbox 1066 918 1156 960; x_wconf 87' lang='lat' dir='ltr'><strong><em>noli</em></strong></span> <span class='ocrx_word' id='word_1_77' title='bbox 1170 918 1380 971; x_wconf 83' lang='lat' dir='ltr'><strong><em>fabricare</em></strong></span> <span class='ocrx_word' id='word_1_78' title='bbox 1396 919 1445 960; x_wconf 88' lang='lat' dir='ltr'><strong><em>in</em></strong></span> <span class='ocrx_word' id='word_1_79' title='bbox 1461 920 1644 961; x_wconf 90' lang='lat' dir='ltr'><strong><em>amicum</em></strong></span> 
     </span>
    </p>

    <p class='ocr_par' dir='ltr' id='par_1_5' title="bbox 95 987 1651 2550">
     <span class='ocr_line' id='line_1_11' title="bbox 97 987 1643 1041; baseline 0.002 -14"><span class='ocrx_word' id='word_1_80' title='bbox 97 1002 127 1026; x_wconf 82' lang='grc' dir='ltr'><strong><em>ιο</em></strong></span> <span class='ocrx_word' id='word_1_81' title='bbox 145 991 263 1029; x_wconf 89' lang='lat' dir='ltr'><strong><em>tuum</em></strong></span> <span class='ocrx_word' id='word_1_82' title='bbox 293 987 422 1041; x_wconf 86' lang='lat' dir='ltr'><strong><em>mala,</em></strong></span> <span class='ocrx_word' id='word_1_83' title='bbox 453 988 502 1029; x_wconf 89' lang='lat' dir='ltr'><strong><em>in</em></strong></span> <span class='ocrx_word' id='word_1_84' title='bbox 535 988 715 1030; x_wconf 86' lang='lat' dir='ltr'><strong><em>incolam</em></strong></span> <span class='ocrx_word' id='word_1_85' title='bbox 752 990 790 1029; x_wconf 90' lang='lat' dir='ltr'><strong><em>et</em></strong></span> <span class='ocrx_word' id='word_1_86' title='bbox 818 987 1101 1040; x_wconf 70' lang='lat' dir='ltr'><strong><em>confidentem.</em></strong></span> <span class='ocrx_word' id='word_1_87' title='bbox 1163 988 1252 1029; x_wconf 85' lang='lat' dir='ltr'><strong><em>noli</em></strong></span> <span class='ocrx_word' id='word_1_88' title='bbox 1289 988 1543 1030; x_wconf 74' lang='lat' dir='ltr'><strong><em>inimicitias</em></strong></span> <span class='ocrx_word' id='word_1_89' title='bbox 1573 1002 1643 1030; x_wconf 79' lang='lat' dir='ltr'><strong><em>ex·</em></strong></span> 
     </span>
     <span class='ocr_line' id='line_1_12' title="bbox 145 1055 1646 1110; baseline 0.001 -12"><span class='ocrx_word' id='word_1_90' title='bbox 145 1070 277 1099; x_wconf 90' lang='lat' dir='ltr'><strong><em>ercere</em></strong></span> <span class='ocrx_word' id='word_1_91' title='bbox 307 1056 511 1098; x_wconf 89' lang='lat' dir='ltr'><strong><em>aduersus</em></strong></span> <span class='ocrx_word' id='word_1_92' title='bbox 541 1055 750 1097; x_wconf 81' lang='lat' dir='ltr'><strong><em>hominem</em></strong></span> <span class='ocrx_word' id='word_1_93' title='bbox 790 1056 881 1097; x_wconf 88' lang='lat' dir='ltr'><strong><em>sine</em></strong></span> <span class='ocrx_word' id='word_1_94' title='bbox 910 1069 1059 1107; x_wconf 85' lang='lat' dir='ltr'><strong><em>causa,</em></strong></span> <span class='ocrx_word' id='word_1_95' title='bbox 1106 1069 1158 1097; x_wconf 90' lang='lat' dir='ltr'><strong><em>ne</em></strong></span> <span class='ocrx_word' id='word_1_96' title='bbox 1198 1057 1301 1108; x_wconf 82' lang='lat' dir='ltr'><strong><em>quid</em></strong></span> <span class='ocrx_word' id='word_1_97' title='bbox 1340 1056 1414 1097; x_wconf 86' lang='lat' dir='ltr'><strong><em>tibi</em></strong></span> <span class='ocrx_word' id='word_1_98' title='bbox 1456 1060 1646 1110; x_wconf 84' lang='lat' dir='ltr'><strong><em>operetur</em></strong></span> 
     </span>
     <span class='ocr_line' id='line_1_13' title="bbox 145 1123 1644 1178; baseline 0.001 -12"><span class='ocrx_word' id='word_1_99' title='bbox 145 1125 319 1166; x_wconf 88' lang='lat' dir='ltr'><strong><em>malum.</em></strong></span> <span class='ocrx_word' id='word_1_100' title='bbox 381 1124 453 1165; x_wconf 88' lang='lat' dir='ltr'><strong><em>aut</em></strong></span> <span class='ocrx_word' id='word_1_101' title='bbox 482 1123 685 1177; x_wconf 91' lang='lat' dir='ltr'><strong><em>numquid</em></strong></span> <span class='ocrx_word' id='word_1_102' title='bbox 716 1136 795 1165; x_wconf 91' lang='lat' dir='ltr'><strong><em>non</em></strong></span> <span class='ocrx_word' id='word_1_103' title='bbox 828 1124 917 1165; x_wconf 89' lang='lat' dir='ltr'><strong><em>erat</em></strong></span> <span class='ocrx_word' id='word_1_104' title='bbox 948 1124 1034 1165; x_wconf 89' lang='lat' dir='ltr'><strong><em>sine</em></strong></span> <span class='ocrx_word' id='word_1_105' title='bbox 1067 1136 1208 1175; x_wconf 84' lang='lat' dir='ltr'><strong><em>causa,</em></strong></span> <span class='ocrx_word' id='word_1_106' title='bbox 1248 1124 1283 1166; x_wconf 91' lang='lat' dir='ltr'><strong><em>si</em></strong></span> <span class='ocrx_word' id='word_1_107' title='bbox 1321 1126 1445 1178; x_wconf 90' lang='lat' dir='ltr'><strong><em>prout</em></strong></span> <span class='ocrx_word' id='word_1_108' title='bbox 1474 1126 1644 1168; x_wconf 86' lang='lat' dir='ltr'><strong><em>insanus</em></strong></span> 
     </span>
     <span class='ocr_line' id='line_1_14' title="bbox 146 1192 1645 1245; baseline 0.001 -10"><span class='ocrx_word' id='word_1_109' title='bbox 146 1193 258 1235; x_wconf 85' lang='lat' dir='ltr'><strong><em>furor</em></strong></span> <span class='ocrx_word' id='word_1_110' title='bbox 288 1193 646 1235; x_wconf 78' lang='lat' dir='ltr'><strong><em>cohaereticorum</em></strong></span> <span class='ocrx_word' id='word_1_111' title='bbox 685 1193 851 1234; x_wconf 90' lang='lat' dir='ltr'><strong><em>tuorum</em></strong></span> <span class='ocrx_word' id='word_1_112' title='bbox 890 1193 1034 1245; x_wconf 87' lang='lat' dir='ltr'><strong><em>perte</em></strong></span> <span class='ocrx_word' id='word_1_113' title='bbox 1066 1192 1258 1243; x_wconf 87' lang='lat' dir='ltr'><strong><em>iusserat,</em></strong></span> <span class='ocrx_word' id='word_1_114' title='bbox 1304 1193 1345 1234; x_wconf 87' lang='lat' dir='ltr'><strong><em>in</em></strong></span> <span class='ocrx_word' id='word_1_115' title='bbox 1382 1194 1645 1236; x_wconf 73' lang='lat' dir='ltr'><strong><em>innocentem</em></strong></span> 
     </span>
     <span class='ocr_line' id='line_1_15' title="bbox 144 1261 1645 1314; baseline 0.001 -12"><span class='ocrx_word' id='word_1_116' title='bbox 144 1261 290 1303; x_wconf 89' lang='lat' dir='ltr'><strong><em>mortis</em></strong></span> <span class='ocrx_word' id='word_1_117' title='bbox 321 1261 565 1303; x_wconf 90' lang='lat' dir='ltr'><strong><em>tulissemus</em></strong></span> <span class='ocrx_word' id='word_1_118' title='bbox 597 1261 875 1303; x_wconf 72' lang='lat' dir='ltr'><strong><em>sententiam?</em></strong></span> <span class='ocrx_word' id='word_1_119' title='bbox 935 1274 1015 1302; x_wconf 89' lang='lat' dir='ltr'><strong><em>uae</em></strong></span> <span class='ocrx_word' id='word_1_120' title='bbox 1044 1261 1134 1311; x_wconf 85' lang='lat' dir='ltr'><strong><em>tibi,</em></strong></span> <span class='ocrx_word' id='word_1_121' title='bbox 1183 1261 1280 1314; x_wconf 89' lang='lat' dir='ltr'><strong><em>quia</em></strong></span> <span class='ocrx_word' id='word_1_122' title='bbox 1319 1261 1477 1304; x_wconf 91' lang='lat' dir='ltr'><strong><em>dictum</em></strong></span> <span class='ocrx_word' id='word_1_123' title='bbox 1521 1263 1572 1304; x_wconf 91' lang='lat' dir='ltr'><strong><em>de</em></strong></span> <span class='ocrx_word' id='word_1_124' title='bbox 1602 1264 1645 1305; x_wconf 88' lang='lat' dir='ltr'><strong><em>te</em></strong></span> 
     </span>
     <span class='ocr_line' id='line_1_16' title="bbox 97 1330 1644 1387; baseline 0.001 -17"><span class='ocrx_word' id='word_1_125' title='bbox 97 1344 128 1369; x_wconf 82' lang='lat'><strong><em>1⁵</em></strong></span> <span class='ocrx_word' id='word_1_126' title='bbox 144 1331 410 1384; x_wconf 76' lang='lat' dir='ltr'><strong><em>persecutore</em></strong></span> <span class='ocrx_word' id='word_1_127' title='bbox 441 1331 581 1372; x_wconf 91' lang='lat' dir='ltr'><strong><em>nostro</em></strong></span> <span class='ocrx_word' id='word_1_128' title='bbox 603 1330 748 1372; x_wconf 90' lang='lat' dir='ltr'><strong><em>uideo:</em></strong></span> <span class='ocrx_word' id='word_1_129' title='bbox 781 1330 923 1372; x_wconf 81' lang='lat' dir='ltr'><strong><em>oculus</em></strong></span> <span class='ocrx_word' id='word_1_130' title='bbox 944 1330 1275 1383; x_wconf 84' lang='lat' dir='ltr'><strong><em>contumeliosus,</em></strong></span> <span class='ocrx_word' id='word_1_131' title='bbox 1307 1330 1456 1384; x_wconf 70' lang='lat' dir='ltr'><strong><em>linqua</em></strong></span> <span class='ocrx_word' id='word_1_132' title='bbox 1478 1332 1644 1387; x_wconf 83' lang='lat' dir='ltr'><strong><em>iniqua,</em></strong></span> 
     </span>
     <span class='ocr_line' id='line_1_17' title="bbox 145 1399 1642 1454; baseline 0.001 -13"><span class='ocrx_word' id='word_1_133' title='bbox 145 1412 299 1441; x_wconf 83' lang='lat' dir='ltr'><strong><em>manus</em></strong></span> <span class='ocrx_word' id='word_1_134' title='bbox 329 1403 427 1441; x_wconf 87' lang='lat' dir='ltr'><strong><em>sunt</em></strong></span> <span class='ocrx_word' id='word_1_135' title='bbox 446 1399 701 1452; x_wconf 83' lang='lat' dir='ltr'><strong><em>effundentes</em></strong></span> <span class='ocrx_word' id='word_1_136' title='bbox 721 1399 973 1453; x_wconf 74' lang='lat' dir='ltr'><strong><em>sanquinem</em></strong></span> <span class='ocrx_word' id='word_1_137' title='bbox 992 1399 1108 1450; x_wconf 88' lang='lat' dir='ltr'><strong><em>iusti,</em></strong></span> <span class='ocrx_word' id='word_1_138' title='bbox 1141 1401 1180 1440; x_wconf 91' lang='lat' dir='ltr'><strong><em>et</em></strong></span> <span class='ocrx_word' id='word_1_139' title='bbox 1202 1412 1272 1440; x_wconf 85' lang='lat' dir='ltr'><strong><em>eor</em></strong></span> <span class='ocrx_word' id='word_1_140' title='bbox 1291 1399 1508 1452; x_wconf 81' lang='lat' dir='ltr'><strong><em>fabricans</em></strong></span> <span class='ocrx_word' id='word_1_141' title='bbox 1533 1402 1642 1454; x_wconf 76' lang='lat' dir='ltr'><strong><em>coyi-</em></strong></span> 
     </span>
     <span class='ocr_line' id='line_1_18' title="bbox 147 1468 1644 1523; baseline 0.001 -14"><span class='ocrx_word' id='word_1_142' title='bbox 147 1469 325 1510; x_wconf 88' lang='lat' dir='ltr'><strong><em>tationes</em></strong></span> <span class='ocrx_word' id='word_1_143' title='bbox 344 1468 497 1519; x_wconf 84' lang='lat' dir='ltr'><strong><em>malas,</em></strong></span> <span class='ocrx_word' id='word_1_144' title='bbox 518 1471 557 1509; x_wconf 82' lang='lat' dir='ltr'><strong><em>et</em></strong></span> <span class='ocrx_word' id='word_1_145' title='bbox 567 1468 697 1521; x_wconf 87' lang='lat' dir='ltr'><strong><em>pedes</em></strong></span> <span class='ocrx_word' id='word_1_146' title='bbox 716 1468 964 1521; x_wconf 82' lang='lat' dir='ltr'><strong><em>festinantes</em></strong></span> <span class='ocrx_word' id='word_1_147' title='bbox 985 1468 1042 1509; x_wconf 91' lang='lat' dir='ltr'><strong><em>ad</em></strong></span> <span class='ocrx_word' id='word_1_148' title='bbox 1062 1468 1173 1510; x_wconf 86' lang='lat' dir='ltr'><strong><em>male</em></strong></span> <span class='ocrx_word' id='word_1_149' title='bbox 1190 1468 1448 1521; x_wconf 84' lang='lat' dir='ltr'><strong><em>faciendum.</em></strong></span> <span class='ocrx_word' id='word_1_150' title='bbox 1480 1469 1644 1523; x_wconf 86' lang='lat' dir='ltr'><strong><em>legisti:</em></strong></span> 
     </span>
     <span class='ocr_line' id='line_1_19' title="bbox 143 1537 1647 1591; baseline 0.001 -13"><span class='ocrx_word' id='word_1_151' title='bbox 143 1537 224 1591; x_wconf 76' lang='lat' dir='ltr'><strong><em>sili,</em></strong></span> <span class='ocrx_word' id='word_1_152' title='bbox 242 1538 399 1579; x_wconf 84' lang='lat' dir='ltr'><strong><em>honora</em></strong></span> <span class='ocrx_word' id='word_1_153' title='bbox 414 1537 644 1587; x_wconf 83' lang='lat' dir='ltr'><strong><em>dominum,</em></strong></span> <span class='ocrx_word' id='word_1_154' title='bbox 662 1540 701 1579; x_wconf 91' lang='lat' dir='ltr'><strong><em>et</em></strong></span> <span class='ocrx_word' id='word_1_155' title='bbox 717 1537 877 1579; x_wconf 86' lang='lat' dir='ltr'><strong><em>ualebis</em></strong></span> <span class='ocrx_word' id='word_1_156' title='bbox 887 1550 902 1588; x_wconf 92' lang='lat'><em>;</em></span> <span class='ocrx_word' id='word_1_157' title='bbox 917 1539 1090 1589; x_wconf 90' lang='lat' dir='ltr'><strong><em>praeter</em></strong></span> <span class='ocrx_word' id='word_1_158' title='bbox 1104 1551 1198 1578; x_wconf 88' lang='lat' dir='ltr'><strong><em>eum</em></strong></span> <span class='ocrx_word' id='word_1_159' title='bbox 1213 1550 1265 1578; x_wconf 87' lang='lat' dir='ltr'><strong><em>ne</em></strong></span> <span class='ocrx_word' id='word_1_160' title='bbox 1282 1538 1430 1578; x_wconf 89' lang='lat' dir='ltr'><strong><em>timeas</em></strong></span> <span class='ocrx_word' id='word_1_161' title='bbox 1444 1539 1647 1591; x_wconf 79' lang='lat' dir='ltr'><strong><em>alterum,-</em></strong></span> 
     </span>
     <span class='ocr_line' id='line_1_20' title="bbox 148 1605 1646 1655; baseline -0.001 -8"><span class='ocrx_word' id='word_1_162' title='bbox 148 1607 190 1648; x_wconf 91' lang='lat' dir='ltr'><strong><em>et</em></strong></span> <span class='ocrx_word' id='word_1_163' title='bbox 218 1607 359 1647; x_wconf 90' lang='lat' dir='ltr'><strong><em>tamen</em></strong></span> <span class='ocrx_word' id='word_1_164' title='bbox 389 1607 431 1646; x_wconf 88' lang='lat' dir='ltr'><strong><em>te</em></strong></span> <span class='ocrx_word' id='word_1_165' title='bbox 462 1606 600 1647; x_wconf 88' lang='lat' dir='ltr'><strong><em>timeri</em></strong></span> <span class='ocrx_word' id='word_1_166' title='bbox 621 1605 806 1655; x_wconf 84' lang='lat' dir='ltr'><strong><em>uoluisti,</em></strong></span> <span class='ocrx_word' id='word_1_167' title='bbox 840 1606 965 1647; x_wconf 91' lang='lat' dir='ltr'><strong><em>deum</em></strong></span> <span class='ocrx_word' id='word_1_168' title='bbox 986 1618 1086 1647; x_wconf 90' lang='lat' dir='ltr'><strong><em>uero</em></strong></span> <span class='ocrx_word' id='word_1_169' title='bbox 1108 1605 1328 1646; x_wconf 82' lang='lat' dir='ltr'><strong><em>contemni.</em></strong></span> <span class='ocrx_word' id='word_1_170' title='bbox 1361 1605 1471 1646; x_wconf 90' lang='lat' dir='ltr'><strong><em>unde</em></strong></span> <span class='ocrx_word' id='word_1_171' title='bbox 1494 1606 1646 1647; x_wconf 90' lang='lat' dir='ltr'><strong><em>etenim</em></strong></span> 
     </span>
     <span class='ocr_line' id='line_1_21' title="bbox 95 1673 1645 1727; baseline -0.001 -11"><span class='ocrx_word' id='word_1_172' title='bbox 95 1685 128 1710; x_wconf 83' lang='lat'><strong><em>20</em></strong></span> <span class='ocrx_word' id='word_1_173' title='bbox 147 1674 283 1716; x_wconf 89' lang='lat' dir='ltr'><strong><em>solum</em></strong></span> <span class='ocrx_word' id='word_1_174' title='bbox 316 1674 440 1715; x_wconf 91' lang='lat' dir='ltr'><strong><em>deum</em></strong></span> <span class='ocrx_word' id='word_1_175' title='bbox 471 1674 739 1726; x_wconf 87' lang='lat' dir='ltr'><strong><em>potueramus</em></strong></span> <span class='ocrx_word' id='word_1_176' title='bbox 769 1673 941 1727; x_wconf 90' lang='lat' dir='ltr'><strong><em>reperiri</em></strong></span> <span class='ocrx_word' id='word_1_177' title='bbox 962 1674 1210 1724; x_wconf 86' lang='lat' dir='ltr'><strong><em>metuentes,</em></strong></span> <span class='ocrx_word' id='word_1_178' title='bbox 1243 1673 1277 1714; x_wconf 92' lang='lat' dir='ltr'><strong><em>si</em></strong></span> <span class='ocrx_word' id='word_1_179' title='bbox 1298 1673 1421 1715; x_wconf 91' lang='lat' dir='ltr'><strong><em>minis</em></strong></span> <span class='ocrx_word' id='word_1_180' title='bbox 1440 1673 1525 1715; x_wconf 88' lang='lat' dir='ltr'><strong><em>tuis</em></strong></span> <span class='ocrx_word' id='word_1_181' title='bbox 1547 1686 1645 1715; x_wconf 89' lang='lat' dir='ltr'><strong><em>suc-</em></strong></span> 
     </span>
     <span class='ocr_line' id='line_1_22' title="bbox 148 1742 1646 1796; baseline 0.001 -13"><span class='ocrx_word' id='word_1_182' title='bbox 148 1743 392 1784; x_wconf 88' lang='lat' dir='ltr'><strong><em>cumbentes</em></strong></span> <span class='ocrx_word' id='word_1_183' title='bbox 416 1743 630 1784; x_wconf 87' lang='lat' dir='ltr'><strong><em>absentem</em></strong></span> <span class='ocrx_word' id='word_1_184' title='bbox 651 1742 885 1783; x_wconf 90' lang='lat' dir='ltr'><strong><em>inauditum</em></strong></span> <span class='ocrx_word' id='word_1_185' title='bbox 909 1742 949 1783; x_wconf 92' lang='lat' dir='ltr'><strong><em>et</em></strong></span> <span class='ocrx_word' id='word_1_186' title='bbox 971 1742 1139 1795; x_wconf 90' lang='lat' dir='ltr'><strong><em>quidem</em></strong></span> <span class='ocrx_word' id='word_1_187' title='bbox 1163 1755 1271 1793; x_wconf 80' lang='lat' dir='ltr'><strong><em>eum,</em></strong></span> <span class='ocrx_word' id='word_1_188' title='bbox 1299 1754 1422 1796; x_wconf 89' lang='lat' dir='ltr'><strong><em>quem</em></strong></span> <span class='ocrx_word' id='word_1_189' title='bbox 1444 1742 1646 1784; x_wconf 85' lang='lat' dir='ltr'><strong><em>sciremus</em></strong></span> 
     </span>
     <span class='ocr_line' id='line_1_23' title="bbox 146 1810 1646 1861; baseline 0 -9"><span class='ocrx_word' id='word_1_190' title='bbox 146 1812 317 1861; x_wconf 75' lang='lat' dir='ltr'><strong><em>iustum,</em></strong></span> <span class='ocrx_word' id='word_1_191' title='bbox 353 1811 672 1852; x_wconf 76' lang='lat' dir='ltr'><strong><em>damnaremus?</em></strong></span> <span class='ocrx_word' id='word_1_192' title='bbox 705 1810 899 1853; x_wconf 90' lang='lat' dir='ltr'><strong><em>Salomon</em></strong></span> <span class='ocrx_word' id='word_1_193' title='bbox 934 1810 1054 1851; x_wconf 91' lang='lat' dir='ltr'><strong><em>dicit:</em></strong></span> <span class='ocrx_word' id='word_1_194' title='bbox 1085 1814 1244 1852; x_wconf 86' lang='lat' dir='ltr'><strong><em>statera</em></strong></span> <span class='ocrx_word' id='word_1_195' title='bbox 1273 1810 1358 1852; x_wconf 87' lang='lat' dir='ltr'><strong><em>doli</em></strong></span> <span class='ocrx_word' id='word_1_196' title='bbox 1387 1811 1646 1852; x_wconf 89' lang='lat' dir='ltr'><strong><em>abominatio</em></strong></span> 
     </span>
     <span class='ocr_line' id='line_1_24' title="bbox 146 1881 1645 1934; baseline -0.001 -12"><span class='ocrx_word' id='word_1_197' title='bbox 146 1884 206 1923; x_wconf 87' lang='lat' dir='ltr'><strong><em>est</em></strong></span> <span class='ocrx_word' id='word_1_198' title='bbox 245 1894 385 1922; x_wconf 91' lang='lat' dir='ltr'><strong><em>eoram</em></strong></span> <span class='ocrx_word' id='word_1_199' title='bbox 425 1881 608 1934; x_wconf 86' lang='lat' dir='ltr'><strong><em>domino,</em></strong></span> <span class='ocrx_word' id='word_1_200' title='bbox 647 1881 818 1933; x_wconf 86' lang='lat' dir='ltr'><strong><em>pondus</em></strong></span> <span class='ocrx_word' id='word_1_201' title='bbox 858 1883 995 1921; x_wconf 86' lang='lat' dir='ltr'><strong><em>autem</em></strong></span> <span class='ocrx_word' id='word_1_202' title='bbox 1035 1893 1214 1932; x_wconf 79' lang='lat' dir='ltr'><strong><em>aequum</em></strong></span> <span class='ocrx_word' id='word_1_203' title='bbox 1253 1882 1463 1932; x_wconf 90' lang='lat' dir='ltr'><strong><em>acceptum</em></strong></span> <span class='ocrx_word' id='word_1_204' title='bbox 1499 1883 1557 1922; x_wconf 90' lang='lat' dir='ltr'><strong><em>est</em></strong></span> <span class='ocrx_word' id='word_1_205' title='bbox 1597 1881 1645 1922; x_wconf 86' lang='lat' dir='ltr'><strong><em>ei.</em></strong></span> 
     </span>
     <span class='ocr_line' id='line_1_25' title="bbox 147 1948 1647 2003; baseline 0 -13"><span class='ocrx_word' id='word_1_206' title='bbox 147 1950 194 1990; x_wconf 93' lang='lat' dir='ltr'><strong><em>tu</em></strong></span> <span class='ocrx_word' id='word_1_207' title='bbox 217 1950 361 1990; x_wconf 87' lang='lat' dir='ltr'><strong><em>contra</em></strong></span> <span class='ocrx_word' id='word_1_208' title='bbox 382 1948 580 1989; x_wconf 87' lang='lat' dir='ltr'><strong><em>mandare</em></strong></span> <span class='ocrx_word' id='word_1_209' title='bbox 603 1961 681 1990; x_wconf 90' lang='lat' dir='ltr'><strong><em>non</em></strong></span> <span class='ocrx_word' id='word_1_210' title='bbox 706 1948 893 1990; x_wconf 88' lang='lat' dir='ltr'><strong><em>dubitas:</em></strong></span> <span class='ocrx_word' id='word_1_211' title='bbox 916 1949 1117 1990; x_wconf 90' lang='lat' dir='ltr'><strong><em>damnate</em></strong></span> <span class='ocrx_word' id='word_1_212' title='bbox 1132 1949 1292 1990; x_wconf 89' lang='lat' dir='ltr'><strong><em>iniusto</em></strong></span> <span class='ocrx_word' id='word_1_213' title='bbox 1313 1948 1470 1989; x_wconf 89' lang='lat' dir='ltr'><strong><em>iudicio</em></strong></span> <span class='ocrx_word' id='word_1_214' title='bbox 1490 1949 1647 2003; x_wconf 87' lang='lat' dir='ltr'><strong><em>uirum,</em></strong></span> 
     </span>
     <span class='ocr_line' id='line_1_26' title="bbox 97 2015 1646 2071; baseline -0.001 -13"><span class='ocrx_word' id='word_1_215' title='bbox 97 2032 130 2058; x_wconf 79' lang='lat'><strong><em>25</em></strong></span> <span class='ocrx_word' id='word_1_216' title='bbox 148 2019 224 2060; x_wconf 91' lang='lat' dir='ltr'><strong><em>hoc</em></strong></span> <span class='ocrx_word' id='word_1_217' title='bbox 256 2019 418 2060; x_wconf 92' lang='lat' dir='ltr'><strong><em>rectum</em></strong></span> <span class='ocrx_word' id='word_1_218' title='bbox 458 2018 609 2070; x_wconf 87' lang='lat' dir='ltr'><strong><em>putans</em></strong></span> <span class='ocrx_word' id='word_1_219' title='bbox 649 2017 759 2071; x_wconf 92' lang='lat' dir='ltr'><strong><em>quod</em></strong></span> <span class='ocrx_word' id='word_1_220' title='bbox 788 2030 1033 2070; x_wconf 89' lang='lat' dir='ltr'><strong><em>peruersum</em></strong></span> <span class='ocrx_word' id='word_1_221' title='bbox 1065 2018 1140 2059; x_wconf 89' lang='lat' dir='ltr'><strong><em>est.</em></strong></span> <span class='ocrx_word' id='word_1_222' title='bbox 1203 2017 1337 2058; x_wconf 90' lang='lat' dir='ltr'><strong><em>adhuc</em></strong></span> <span class='ocrx_word' id='word_1_223' title='bbox 1371 2015 1565 2058; x_wconf 88' lang='lat' dir='ltr'><strong><em>Salomon</em></strong></span> <span class='ocrx_word' id='word_1_224' title='bbox 1596 2016 1646 2057; x_wconf 90' lang='lat' dir='ltr'><strong><em>de</em></strong></span> 
     </span>
     <span class='ocr_line' id='line_1_27' title="bbox 147 2086 1645 2140; baseline 0.001 -13"><span class='ocrx_word' id='word_1_225' title='bbox 147 2087 189 2127; x_wconf 89' lang='lat' dir='ltr'><strong><em>te</em></strong></span> <span class='ocrx_word' id='word_1_226' title='bbox 223 2099 269 2127; x_wconf 87' lang='lat' dir='ltr'><strong><em>ac</em></strong></span> <span class='ocrx_word' id='word_1_227' title='bbox 310 2086 387 2128; x_wconf 92' lang='lat' dir='ltr'><strong><em>tibi</em></strong></span> <span class='ocrx_word' id='word_1_228' title='bbox 427 2087 654 2128; x_wconf 87' lang='lat' dir='ltr'><strong><em>similibus:</em></strong></span> <span class='ocrx_word' id='word_1_229' title='bbox 701 2088 797 2128; x_wconf 91' lang='lat' dir='ltr'><strong><em>uiae</em></strong></span> <span class='ocrx_word' id='word_1_230' title='bbox 835 2087 1133 2140; x_wconf 82' lang='lat' dir='ltr'><strong><em>insipientium</em></strong></span> <span class='ocrx_word' id='word_1_231' title='bbox 1171 2089 1306 2127; x_wconf 86' lang='lat' dir='ltr'><strong><em>rectae</em></strong></span> <span class='ocrx_word' id='word_1_232' title='bbox 1345 2098 1486 2127; x_wconf 89' lang='lat' dir='ltr'><strong><em>coram</em></strong></span> <span class='ocrx_word' id='word_1_233' title='bbox 1527 2086 1645 2138; x_wconf 75' lang='lat' dir='ltr'><strong><em>ipsis.</em></strong></span> 
     </span>
     <span class='ocr_line' id='line_1_28' title="bbox 147 2154 1646 2208; baseline 0 -12"><span class='ocrx_word' id='word_1_234' title='bbox 147 2155 323 2197; x_wconf 79' lang='lat' dir='ltr'><strong><em>exaudit</em></strong></span> <span class='ocrx_word' id='word_1_235' title='bbox 343 2158 480 2196; x_wconf 89' lang='lat' dir='ltr'><strong><em>autem</em></strong></span> <span class='ocrx_word' id='word_1_236' title='bbox 502 2155 682 2197; x_wconf 82' lang='lat' dir='ltr'><strong><em>consilia</em></strong></span> <span class='ocrx_word' id='word_1_237' title='bbox 703 2156 887 2208; x_wconf 82' lang='lat' dir='ltr'><strong><em>sapiens.</em></strong></span> <span class='ocrx_word' id='word_1_238' title='bbox 933 2156 1145 2208; x_wconf 88' lang='lat' dir='ltr'><strong><em>damnate,</em></strong></span> <span class='ocrx_word' id='word_1_239' title='bbox 1169 2155 1318 2208; x_wconf 80' lang='lat' dir='ltr'><strong><em>inquis,</em></strong></span> <span class='ocrx_word' id='word_1_240' title='bbox 1342 2154 1646 2196; x_wconf 83' lang='lat' dir='ltr'><strong><em>Athanasium.</em></strong></span> 
     </span>
     <span class='ocr_line' id='line_1_29' title="bbox 151 2222 1647 2277; baseline -0.001 -13"><span class='ocrx_word' id='word_1_241' title='bbox 151 2223 192 2264; x_wconf 88' lang='lat' dir='ltr'><strong><em>et</em></strong></span> <span class='ocrx_word' id='word_1_242' title='bbox 223 2223 391 2276; x_wconf 90' lang='lat' dir='ltr'><strong><em>quidem</em></strong></span> <span class='ocrx_word' id='word_1_243' title='bbox 422 2223 493 2265; x_wconf 91' lang='lat' dir='ltr'><strong><em>ubi</em></strong></span> <span class='ocrx_word' id='word_1_244' title='bbox 533 2223 674 2265; x_wconf 87' lang='lat' dir='ltr'><strong><em>ualere</em></strong></span> <span class='ocrx_word' id='word_1_245' title='bbox 717 2236 795 2265; x_wconf 91' lang='lat' dir='ltr'><strong><em>non</em></strong></span> <span class='ocrx_word' id='word_1_246' title='bbox 825 2223 996 2277; x_wconf 89' lang='lat' dir='ltr'><strong><em>potuisti</em></strong></span> <span class='ocrx_word' id='word_1_247' title='bbox 1035 2223 1199 2277; x_wconf 90' lang='lat' dir='ltr'><strong><em>ingenio</em></strong></span> <span class='ocrx_word' id='word_1_248' title='bbox 1242 2222 1514 2264; x_wconf 87' lang='lat' dir='ltr'><strong><em>detestandae</em></strong></span> <span class='ocrx_word' id='word_1_249' title='bbox 1547 2223 1647 2263; x_wconf 87' lang='lat' dir='ltr'><strong><em>sub-</em></strong></span> 
     </span>
     <span class='ocr_line' id='line_1_30' title="bbox 149 2290 1647 2346; baseline -0.001 -14"><span class='ocrx_word' id='word_1_250' title='bbox 149 2291 316 2333; x_wconf 86' lang='lat' dir='ltr'><strong><em>tilitatis</em></strong></span> <span class='ocrx_word' id='word_1_251' title='bbox 346 2293 457 2342; x_wconf 71' lang='lat' dir='ltr'><strong><em>tuae,</em></strong></span> <span class='ocrx_word' id='word_1_252' title='bbox 490 2293 648 2334; x_wconf 89' lang='lat' dir='ltr'><strong><em>uiribus</em></strong></span> <span class='ocrx_word' id='word_1_253' title='bbox 680 2292 841 2346; x_wconf 91' lang='lat' dir='ltr'><strong><em>imperii</em></strong></span> <span class='ocrx_word' id='word_1_254' title='bbox 872 2292 933 2333; x_wconf 92' lang='lat' dir='ltr'><strong><em>tui</em></strong></span> <span class='ocrx_word' id='word_1_255' title='bbox 965 2292 1150 2345; x_wconf 89' lang='lat' dir='ltr'><strong><em>coepisti.</em></strong></span> <span class='ocrx_word' id='word_1_256' title='bbox 1215 2292 1265 2332; x_wconf 91' lang='lat' dir='ltr'><strong><em>de</em></strong></span> <span class='ocrx_word' id='word_1_257' title='bbox 1296 2293 1337 2332; x_wconf 91' lang='lat' dir='ltr'><strong><em>te</em></strong></span> <span class='ocrx_word' id='word_1_258' title='bbox 1368 2292 1510 2345; x_wconf 88' lang='lat' dir='ltr'><strong><em>itaque</em></strong></span> <span class='ocrx_word' id='word_1_259' title='bbox 1543 2290 1647 2331; x_wconf 88' lang='lat' dir='ltr'><strong><em>scri-</em></strong></span> 
     </span>
     <span class='ocr_line' id='line_1_31' title="bbox 98 2359 1647 2415; baseline -0.003 -13"><span class='ocrx_word' id='word_1_260' title='bbox 98 2360 265 2413; x_wconf 70' lang='lat' dir='ltr'><strong><em>soptum</em></strong></span> <span class='ocrx_word' id='word_1_261' title='bbox 299 2361 460 2414; x_wconf 88' lang='lat' dir='ltr'><strong><em>accipe:</em></strong></span> <span class='ocrx_word' id='word_1_262' title='bbox 507 2362 646 2403; x_wconf 88' lang='lat' dir='ltr'><strong><em>malus</em></strong></span> <span class='ocrx_word' id='word_1_263' title='bbox 683 2375 776 2403; x_wconf 92' lang='lat' dir='ltr'><strong><em>cum</em></strong></span> <span class='ocrx_word' id='word_1_264' title='bbox 815 2362 1069 2403; x_wconf 87' lang='lat' dir='ltr'><strong><em>contumelia</em></strong></span> <span class='ocrx_word' id='word_1_265' title='bbox 1108 2361 1198 2414; x_wconf 77' lang='lat' dir='ltr'><strong><em>ayit</em></strong></span> <span class='ocrx_word' id='word_1_266' title='bbox 1227 2361 1363 2415; x_wconf 88' lang='lat' dir='ltr'><strong><em>mala,</em></strong></span> <span class='ocrx_word' id='word_1_267' title='bbox 1412 2360 1453 2400; x_wconf 93' lang='lat' dir='ltr'><strong><em>et</em></strong></span> <span class='ocrx_word' id='word_1_268' title='bbox 1483 2359 1647 2406; x_wconf 78' lang='lat' dir='ltr'><strong><em>iterum,</em></strong></span> 
     </span>
     <span class='ocr_line' id='line_1_32' title="bbox 152 2426 1649 2482; baseline -0.002 -12"><span class='ocrx_word' id='word_1_269' title='bbox 152 2428 260 2481; x_wconf 90' lang='lat' dir='ltr'><strong><em>quod</em></strong></span> <span class='ocrx_word' id='word_1_270' title='bbox 292 2430 423 2470; x_wconf 90' lang='lat' dir='ltr'><strong><em>temet</em></strong></span> <span class='ocrx_word' id='word_1_271' title='bbox 453 2429 511 2470; x_wconf 92' lang='lat' dir='ltr'><strong><em>sic</em></strong></span> <span class='ocrx_word' id='word_1_272' title='bbox 533 2429 684 2482; x_wconf 91' lang='lat' dir='ltr'><strong><em>laqueo</em></strong></span> <span class='ocrx_word' id='word_1_273' title='bbox 706 2429 789 2470; x_wconf 91' lang='lat' dir='ltr'><strong><em>iam</em></strong></span> <span class='ocrx_word' id='word_1_274' title='bbox 811 2429 1041 2479; x_wconf 85' lang='lat' dir='ltr'><strong><em>necaueris,</em></strong></span> <span class='ocrx_word' id='word_1_275' title='bbox 1065 2429 1272 2470; x_wconf 87' lang='lat' dir='ltr'><strong><em>haerendo</em></strong></span> <span class='ocrx_word' id='word_1_276' title='bbox 1295 2428 1492 2477; x_wconf 82' lang='lat' dir='ltr'><strong><em>Arrianis,</em></strong></span> <span class='ocrx_word' id='word_1_277' title='bbox 1527 2426 1649 2467; x_wconf 82' lang='lat' dir='ltr'><strong><em>sicuti</em></strong></span> 
     </span>
     <span class='ocr_line' id='line_1_33' title="bbox 153 2496 1651 2550; baseline -0.001 -14"><span class='ocrx_word' id='word_1_278' title='bbox 153 2497 194 2536; x_wconf 91' lang='lat' dir='ltr'><strong><em>et</em></strong></span> <span class='ocrx_word' id='word_1_279' title='bbox 216 2497 343 2539; x_wconf 92' lang='lat' dir='ltr'><strong><em>Iudas</em></strong></span> <span class='ocrx_word' id='word_1_280' title='bbox 366 2497 605 2539; x_wconf 87' lang='lat' dir='ltr'><strong><em>Scariothes</em></strong></span> <span class='ocrx_word' id='word_1_281' title='bbox 626 2498 817 2539; x_wconf 89' lang='lat' dir='ltr'><strong><em>Iudaeis:</em></strong></span> <span class='ocrx_word' id='word_1_282' title='bbox 851 2498 917 2539; x_wconf 73' lang='lat' dir='ltr'><strong><em>lea·</em></strong></span> <span class='ocrx_word' id='word_1_283' title='bbox 938 2499 1120 2550; x_wconf 81' lang='lat' dir='ltr'><strong><em>sapienti</em></strong></span> <span class='ocrx_word' id='word_1_284' title='bbox 1141 2498 1239 2549; x_wconf 83' lang='lat' dir='ltr'><strong><em>fons</em></strong></span> <span class='ocrx_word' id='word_1_285' title='bbox 1259 2500 1318 2538; x_wconf 90' lang='lat' dir='ltr'><strong><em>est</em></strong></span> <span class='ocrx_word' id='word_1_286' title='bbox 1339 2498 1466 2544; x_wconf 83' lang='lat' dir='ltr'><strong><em>uitae,</em></strong></span> <span class='ocrx_word' id='word_1_287' title='bbox 1498 2496 1651 2537; x_wconf 79' lang='lat' dir='ltr'><strong><em>stultus</em></strong></span> 
     </span>
    </p>
   </div>
   <div class='ocr_carea' id='block_1_3' title="bbox 153 2619 1649 2719">
    <p class='ocr_par' dir='ltr' id='par_1_6' title="bbox 153 2619 1649 2719">
     <span class='ocr_line' id='line_1_34' title="bbox 288 2619 1649 2665; baseline -0.001 -11"><span class='ocrx_word' id='word_1_288' title='bbox 288 2621 308 2654; x_wconf 88' lang='lat'>9</span> <span class='ocrx_word' id='word_1_289' title='bbox 334 2620 435 2655; x_wconf 86' lang='lat' dir='ltr'><strong><em>Prou.</em></strong></span> <span class='ocrx_word' id='word_1_290' title='bbox 461 2621 492 2662; x_wconf 86' lang='lat'><strong><em>3,</em></strong></span> <span class='ocrx_word' id='word_1_291' title='bbox 520 2622 573 2656; x_wconf 82' lang='lat'><strong><em>29.</em></strong></span> <span class='ocrx_word' id='word_1_292' title='bbox 598 2622 642 2655; x_wconf 88' lang='grc'><strong><em>30</em></strong></span> <span class='ocrx_word' id='word_1_293' title='bbox 761 2622 801 2654; x_wconf 85' lang='grc'><strong><em>15</em></strong></span> <span class='ocrx_word' id='word_1_294' title='bbox 827 2620 873 2654; x_wconf 93' lang='lat' dir='ltr'><strong><em>ib.</em></strong></span> <span class='ocrx_word' id='word_1_295' title='bbox 899 2623 930 2665; x_wconf 74' lang='lat'><strong><em>6,</em></strong></span> <span class='ocrx_word' id='word_1_296' title='bbox 958 2622 1010 2654; x_wconf 87' lang='lat'><strong><em>17.</em></strong></span> <span class='ocrx_word' id='word_1_297' title='bbox 1039 2621 1080 2655; x_wconf 88' lang='grc'><strong><em>18</em></strong></span> <span class='ocrx_word' id='word_1_298' title='bbox 1198 2621 1240 2655; x_wconf 90' lang='grc'><strong><em>18</em></strong></span> <span class='ocrx_word' id='word_1_299' title='bbox 1265 2620 1311 2655; x_wconf 91' lang='lat' dir='ltr'><strong><em>ib.</em></strong></span> <span class='ocrx_word' id='word_1_300' title='bbox 1338 2621 1369 2661; x_wconf 85' lang='lat'><strong><em>7,</em></strong></span> <span class='ocrx_word' id='word_1_301' title='bbox 1397 2621 1412 2653; x_wconf 92' lang='lat'>1</span> <span class='ocrx_word' id='word_1_302' title='bbox 1533 2620 1577 2653; x_wconf 86' lang='lat'><strong><em>22</em></strong></span> <span class='ocrx_word' id='word_1_303' title='bbox 1603 2619 1649 2653; x_wconf 94' lang='lat' dir='ltr'><strong><em>ib.</em></strong></span> 
     </span>
     <span class='ocr_line' id='line_1_35' title="bbox 153 2675 1333 2719; baseline 0.002 -10"><span class='ocrx_word' id='word_1_304' title='bbox 153 2675 206 2717; x_wconf 88' lang='lat'><strong><em>11,</em></strong></span> <span class='ocrx_word' id='word_1_305' title='bbox 236 2677 251 2710; x_wconf 92' lang='lat'>1</span> <span class='ocrx_word' id='word_1_306' title='bbox 346 2677 390 2711; x_wconf 87' lang='grc'><strong><em>26</em></strong></span> <span class='ocrx_word' id='word_1_307' title='bbox 415 2678 461 2712; x_wconf 95' lang='lat' dir='ltr'><strong><em>ib.</em></strong></span> <span class='ocrx_word' id='word_1_308' title='bbox 489 2680 542 2719; x_wconf 79' lang='lat'><strong><em>12,</em></strong></span> <span class='ocrx_word' id='word_1_309' title='bbox 570 2679 612 2712; x_wconf 82' lang='lat'><strong><em>15</em></strong></span> <span class='ocrx_word' id='word_1_310' title='bbox 705 2679 749 2712; x_wconf 87' lang='lat'><strong><em>30</em></strong></span> <span class='ocrx_word' id='word_1_311' title='bbox 774 2679 821 2713; x_wconf 90' lang='lat' dir='ltr'><strong><em>ib.</em></strong></span> <span class='ocrx_word' id='word_1_312' title='bbox 850 2678 902 2719; x_wconf 89' lang='lat'><strong><em>13,</em></strong></span> <span class='ocrx_word' id='word_1_313' title='bbox 930 2678 972 2711; x_wconf 89' lang='lat'><strong><em>10</em></strong></span> <span class='ocrx_word' id='word_1_314' title='bbox 1064 2678 1108 2713; x_wconf 85' lang='lat'><strong><em>32</em></strong></span> <span class='ocrx_word' id='word_1_315' title='bbox 1134 2677 1181 2711; x_wconf 91' lang='lat' dir='ltr'><strong><em>ib.</em></strong></span> <span class='ocrx_word' id='word_1_316' title='bbox 1209 2677 1262 2718; x_wconf 85' lang='lat'><strong><em>13,</em></strong></span> <span class='ocrx_word' id='word_1_317' title='bbox 1291 2678 1333 2711; x_wconf 88' lang='grc'><strong><em>14</em></strong></span> 
     </span>
    </p>
   </div>
   <div class='ocr_carea' id='block_1_4' title="bbox 152 2789 1558 2904">
    <p class='ocr_par' dir='ltr' id='par_1_7' title="bbox 152 2789 1558 2904">
     <span class='ocr_line' id='line_1_36' title="bbox 220 2789 1558 2854; baseline 0.001 -31"><span class='ocrx_word' id='word_1_318' title='bbox 220 2789 240 2821; x_wconf 89' lang='grc'>5</span> <span class='ocrx_word' id='word_1_319' title='bbox 265 2789 393 2824; x_wconf 84' lang='lat' dir='ltr'><strong><em>aedent</em></strong></span> <span class='ocrx_word' id='word_1_320' title='bbox 532 2791 573 2853; x_wconf 59' lang='lat'><strong><em>19</em></strong></span> <span class='ocrx_word' id='word_1_321' title='bbox 599 2792 797 2854; x_wconf 72' lang='lat' dir='ltr'><strong><em>contempni</em></strong></span> <span class='ocrx_word' id='word_1_322' title='bbox 935 2791 979 2824; x_wconf 82' lang='lat'><strong><em>20</em></strong></span> <span class='ocrx_word' id='word_1_323' title='bbox 1003 2791 1214 2835; x_wconf 78' lang='lat' dir='ltr'><strong><em>potuerimus</em></strong></span> <span class='ocrx_word' id='word_1_324' title='bbox 1239 2803 1258 2825; x_wconf 82' lang='lat' dir='ltr'><em>v</em></span> <span class='ocrx_word' id='word_1_325' title='bbox 1395 2791 1558 2835; x_wconf 86' lang='lat' dir='ltr'><strong><em>repperiri</em></strong></span> 
     </span>
     <span class='ocr_line' id='line_1_37' title="bbox 152 2855 1419 2904; baseline 0.004 -15"><span class='ocrx_word' id='word_1_326' title='bbox 152 2855 196 2890; x_wconf 91' lang='grc'><strong><em>28</em></strong></span> <span class='ocrx_word' id='word_1_327' title='bbox 223 2856 431 2893; x_wconf 86' lang='lat' dir='ltr'><strong><em>detestande</em></strong></span> <span class='ocrx_word' id='word_1_328' title='bbox 457 2859 682 2894; x_wconf 84' lang='lat' dir='ltr'><strong><em>subtalitates</em></strong></span> <span class='ocrx_word' id='word_1_329' title='bbox 775 2859 819 2894; x_wconf 86' lang='lat'><strong><em>32</em></strong></span> <span class='ocrx_word' id='word_1_330' title='bbox 845 2859 1002 2894; x_wconf 71' lang='lat' dir='ltr'><strong><em>chax-ioth</em></strong></span> <span class='ocrx_word' id='word_1_331' title='bbox 1027 2861 1063 2894; x_wconf 84' lang='lat' dir='ltr'><strong><em>et</em></strong></span> <span class='ocrx_word' id='word_1_332' title='bbox 1085 2862 1134 2901; x_wconf 77' lang='lat' dir='ltr'><strong><em>(et</em></strong></span> <span class='ocrx_word' id='word_1_333' title='bbox 1158 2871 1238 2904; x_wconf 75' lang='lat' dir='ltr'><strong><em>exp.</em></strong></span> <span class='ocrx_word' id='word_1_334' title='bbox 1264 2871 1307 2895; x_wconf 88' lang='lat' dir='ltr'><strong><em>m.</em></strong></span> <span class='ocrx_word' id='word_1_335' title='bbox 1334 2862 1419 2903; x_wconf 85' lang='lat' dir='ltr'><strong><em>rec.)</em></strong></span> 
     </span>
    </p>
   </div>
  </div>
 </body>
</html>
