1934 3278
341 399 482 440 Nouas
516 400 714 451 quasdam
748 411 812 440 res
845 400 964 451 addo,
1004 402 1112 442 unde
1144 403 1341 456 appareat
1375 415 1456 444 non
1488 404 1630 457 utique
1662 404 1796 445 solum

285 467 470 509 codicem
502 468 542 512 B
575 468 758 521 Rigaltio
791 470 840 510 ad
873 480 1021 510 manus
1053 469 1195 521 fuisse,
1228 484 1324 512 cum
1346 471 1641 514 instructiones
1675 473 1796 515 eden-

284 537 355 577 das
391 539 567 578 curaret.
683 537 688 542 ”

340 617 389 657 111
431 617 680 658 relationum
725 616 972 659 Academiae
1016 617 1177 660 Caesar.
1212 619 1392 661 Vindob.
1436 621 1647 663 uolumine
1681 620 1797 664 CVII

281 699 318 739 p.
345 687 425 728 738
448 698 509 739 sq.
541 686 696 727 multos
731 685 858 727 attuli
890 686 1014 739 locos,
1051 687 1198 741 quibus
1233 688 1358 730 editio
1384 690 1571 743 princeps
1594 703 1685 731 cum
1709 691 1795 732 cod.

283 754 649 797 Cheltenhamensi
674 756 879 806 conuenit,
915 768 938 797 a
960 757 1047 798 cod.
1072 757 1261 798 Parisino
1285 757 1435 799 differt.
1469 757 1581 809 Quae
1603 759 1792 812 exempla

281 835 535 877 quamquam
578 824 813 878 sufficiunt,
862 837 990 866 unum
1032 827 1192 875 tamen,
1242 827 1350 879 quod
1393 826 1479 868 illic
1511 827 1694 869 omisisse
1728 841 1793 869 me

281 893 487 945 paenitet,
520 893 586 934 hic
620 895 782 935 addam.

338 973 358 1014 I
390 973 459 1023 23,
495 974 547 1014 14
577 973 621 1014 in
652 973 833 1015 editione
865 974 1050 1027 principe
1083 974 1183 1016 haec
1215 975 1433 1029 leguntur:

471 1042 521 1083 In
553 1042 783 1095 supplicem
815 1043 953 1095 prodis
988 1043 1076 1092 dei,
1111 1045 1187 1085 sub
1219 1045 1389 1096 aspectu
1422 1044 1604 1097 tyranni.

339 1122 452 1164 Illud
498 1122 565 1163 dei
611 1136 741 1176 neque
786 1123 830 1164 111
868 1124 908 1168 Β
947 1136 1077 1177 neque
1117 1124 1159 1165 in
1191 1124 1237 1169 A
1279 1125 1491 1166 inuenitur
1531 1124 1702 1177 ideoque
1745 1124 1795 1165 ab

280 1191 455 1233 Ernesto
487 1191 662 1246 Ludwig
694 1192 924 1241 omittitur,
959 1205 1210 1245 quamquam
1244 1205 1289 1234 ea
1321 1206 1363 1235 re
1395 1205 1538 1234 uersus
1572 1194 1794 1235 claudicat.

280 1262 339 1302 At
372 1260 757 1303 Cheltenhamensis
790 1260 963 1303 editioni
1006 1261 1184 1314 principi
1226 1262 1303 1303 hoc
1335 1274 1496 1315 quoque
1529 1263 1615 1303 loco
1647 1263 1795 1304 suffra-

279 1333 416 1384 gatur.
469 1331 616 1383 ltaque
649 1342 741 1371 cum
775 1343 825 1371 ne
858 1331 1155 1384 sagacissimus
1189 1331 1359 1384 quidem
1397 1331 1519 1374 homo
1562 1333 1795 1373 coniectura

279 1399 470 1453 supplere
502 1411 648 1441 uocem
679 1398 745 1439 dei
775 1400 980 1453 potuerit,
1025 1399 1200 1440 dubium
1234 1412 1315 1441 non
1350 1402 1431 1451 est,
1480 1400 1580 1453 quin
1610 1399 1795 1454 Rigaltio

280 1472 443 1522 praeter
484 1468 726 1510 Parisinum
768 1467 875 1509 alius
917 1481 1077 1521 quoque
1121 1469 1246 1510 codex
1287 1468 1493 1517 adfuerit,
1537 1482 1658 1522 quem
1698 1482 1794 1511 con-

280 1538 449 1580 suleret.

337 1617 575 1660 Acrostichi
607 1617 626 1658 Ι
662 1617 713 1658 13
746 1630 915 1659 uersum
947 1617 973 1658 5
1005 1617 1218 1670 Rigaltius
1251 1617 1309 1659 sic
1339 1618 1526 1671 scripsit:

474 1686 579 1729 Cum
610 1688 645 1728 si
678 1687 777 1728 deus
810 1688 917 1727 esset
949 1698 1133 1739 unquam
1165 1699 1245 1728 non
1277 1687 1388 1728 furto
1421 1687 1604 1729 uiuebat.

280 1767 397 1808 idem
428 1766 471 1808 in
504 1767 798 1808 commentario
831 1768 1025 1808 adnotat:
1059 1765 1165 1808 “Est
1198 1767 1283 1820 qui
1315 1767 1484 1809 malit:
1520 1781 1612 1809 cum
1634 1768 1672 1809 si
1693 1769 1793 1810 deus

278 1839 391 1888 esset,
424 1836 528 1888 utiq.
566 1836 684 1888 (sici)
717 1849 804 1877 ozon
834 1836 947 1887 furto
969 1835 1150 1876 mittebat.
1201 1836 1279 1877 Sed
1302 1836 1401 1877 haec
1422 1837 1628 1889 particula
1649 1837 1794 1889 utique

279 1918 420 1946 rursus
443 1907 628 1947 occurret
649 1918 772 1947 uersu
794 1906 976 1958 proxime
998 1903 1120 1957 sequ.'
1155 1929 1209 1934 —
1234 1905 1333 1955 Quis
1356 1907 1419 1947 est
1440 1906 1524 1956 ille⁷
1557 1906 1627 1958 qui
1649 1906 1792 1958 utique

279 1976 403 2016 malle
435 1975 585 2016 dicitur
617 1987 741 2028 quam
778 1974 1004 2027 unqzscam?
1056 1974 1104 2014 In
1138 1973 1322 2015 Parisino
1356 1974 1522 2027 quidem
1553 1976 1638 2016 sola
1671 1975 1792 2016 lectio

278 2056 470 2095 unquam
501 2044 733 2091 inuenitur3
782 2056 859 2084 non
892 2044 1026 2097 magis
1058 2042 1101 2083 in
1133 2043 1375 2085 Leidensem
1409 2044 1592 2085 codicem
1625 2045 1790 2096 cadunt,

279 2124 383 2164 quae
406 2112 616 2167 Rigaltius
648 2113 772 2167 dicit3
805 2112 863 2154 ibi
895 2114 1006 2154 enim
1039 2112 1079 2152 in
1113 2114 1228 2153 textu
1260 2125 1496 2165 nunquam,
1530 2112 1572 2154 in
1604 2113 1792 2165 margine

278 2194 469 2234 unquam
519 2182 720 2234 scriptum
768 2183 830 2223 est
877 2194 1011 2234 neque
1058 2182 1284 2234 quidquam
1332 2185 1546 2234 praeterea
1593 2181 1793 2224 additum.

279 2252 464 2304 Apparet
496 2250 625 2304 igitur
658 2250 892 2302 Rigaltium
924 2250 1146 2291 lectionem
1177 2252 1319 2303 utique
1351 2263 1396 2291 ex
1428 2250 1510 2291 alio
1543 2250 1655 2291 fonte
1687 2250 1792 2303 peti-

280 2319 405 2374 uisse,
453 2332 575 2372 quem
617 2320 842 2372 genuinum
886 2320 1015 2361 fuisse
1059 2320 1303 2361 documento
1336 2321 1417 2371 est,
1460 2321 1567 2372 quod
1599 2318 1792 2361 Chelten·

280 2388 485 2430 hamensis
519 2401 678 2442 quoque
709 2388 805 2448 utiq
833 2388 947 2442 (sict)
984 2388 1170 2441 praebet.

342 2471 635 2523 Insequentem
685 2469 868 2510 eiusdem
916 2469 1110 2511 carminis
1164 2481 1329 2509 uersum
1380 2468 1506 2509 editio
1549 2468 1790 2521 RIgaltiana

278 2539 388 2581 hunc
419 2539 463 2580 in
495 2541 664 2580 modum
696 2538 893 2580 tradidit:

500 2608 704 2648 Terrenus
736 2607 880 2660 utique
912 2606 993 2647 fuit
1027 2609 1064 2647 et
1099 2606 1379 2647 monstriuora
1410 2606 1572 2647 natura.

279 2687 440 2729 Ibidem
483 2688 523 2729 in
572 2689 869 2729 commentario
915 2687 1101 2729 additur:
1146 2686 1312 2728 ‘Placet
1354 2686 1610 2728 emendatio:
1661 2685 1789 2726 Mon-

276 2754 467 2798 struoscz?
523 2756 634 2809 Quae
677 2757 909 2798 emendatio
953 2760 1094 2798 utrum
1137 2756 1266 2810 ipsius
1308 2756 1362 2796 sit
1393 2768 1444 2796 an
1476 2756 1582 2796 alius
1617 2755 1790 2797 alicuius

278 2825 487 2879 Rigaltius
511 2837 591 2865 non
615 2825 731 2867 dicit.
780 2828 849 2874 At,
883 2825 964 2865 nisi
988 2825 1120 2875 fallor,
1156 2824 1255 2866 haec
1278 2837 1327 2865 ne
1350 2825 1414 2864 est
1437 2824 1604 2876 quidem
1628 2836 1790 2865 emen-

279 2893 444 2943 datio,
478 2896 524 2933 ut
558 2894 649 2946 Rig.
683 2894 786 2935 falso
819 2894 1076 2947 opinabatur,
1111 2894 1179 2935 sed
1212 2894 1429 2946 antiqua
1460 2896 1506 2933 et
1539 2905 1660 2933 uera
1692 2892 1787 2933 lec-
