1934 3278
1483 298 1648 329 XXXVII

149 409 279 451 alium
310 409 435 451 deum
464 409 630 463 praeter
662 408 785 450 deum
816 421 963 450 uerum
986 407 1150 451 dicatur
1173 409 1315 462 aptum
1337 410 1414 451 hoc
1443 409 1536 452 loco
1567 423 1645 452 non

150 479 226 520 est.
267 478 318 520 et
357 477 504 520 eadem
542 478 613 520 uia
650 478 977 531 recuperabatur
1015 477 1111 527 297,
1143 477 1172 518 4
1213 481 1342 519 morte
1378 482 1648 533 expuqnata

150 551 404 602 (expurgata
434 547 513 601 V>;
559 547 611 601 cf.
644 546 895 602 Cyprianum
934 546 1030 597 210,
1065 547 1117 588 12
1155 560 1205 588 ea
1242 545 1391 599 quibus
1429 560 1539 588 mors
1576 561 1647 589 ea·-

141 618 366 670 paqnatur
394 618 430 656 et
461 615 650 657 uincitur
673 614 835 657 Christi
864 615 1074 656 mandata
1096 614 1137 656 et
1158 614 1351 669 Cypriani
1372 614 1513 656 Vitam
1535 627 1570 656 c.
1596 616 1647 657 16

147 683 205 725 ad
234 683 566 738 expuqnandam
596 686 782 736 mortem,
817 684 858 725 et
888 682 985 734 301,
1013 683 1067 726 29
1098 686 1134 726 et
1165 686 1308 725 tamen
1337 684 1453 726 omni
1476 684 1649 738 plumbo

147 751 344 794 crudior
377 752 572 807 (yurdior
592 751 641 806 V,
674 753 849 795 curuior
868 752 912 806 v)
945 765 1028 795 esse
1057 752 1173 795 nobis
1202 752 1374 794 uidetur
1402 753 1478 795 iste
1507 766 1647 796 mucro

144 819 281 874 yladii
313 821 377 863 tui
406 821 518 863 sicut
545 823 585 863 et
612 822 724 863 acies
753 821 926 864 animae
956 824 1066 877 tuae,
1110 821 1137 863 i.
1171 833 1205 865 e.
1236 821 1413 872 mollior,
1454 834 1533 863 non
1564 821 1647 864 fer-

146 889 263 931 ratus
292 888 402 942 igne,
432 889 482 930 ut
510 889 666 932 crudus
695 889 805 932 later
836 890 905 944 qui
937 903 1016 933 non
1049 891 1194 934 coctus
1226 891 1290 933 est
1321 889 1484 933 dicitur.
1534 889 1648 933 idem

146 956 399 998 uocabulum
431 956 504 999 sed
538 970 587 1000 ea
617 959 673 1009 ui,
715 971 839 1012 quam
877 959 918 1001 in
950 959 1126 1014 Vergilii
1156 960 1257 1002 Aen.
1289 959 1327 1001 X
1358 959 1440 1002 682
1471 959 1649 1002 crudum

138 1039 221 1079 per
250 1028 385 1068 costas
414 1027 552 1081 exiyat
584 1041 720 1069 ensem
753 1027 795 1068 et
824 1027 907 1069 XII
938 1028 1021 1071 507
1062 1040 1160 1081 prae
1193 1041 1237 1070 se
1278 1027 1370 1078 fert,
1411 1027 1646 1081 praeditum

144 1094 185 1135 in
219 1094 423 1148 epistulae
456 1107 562 1149 quae
592 1096 634 1137 in
661 1095 696 1137 V
728 1108 807 1138 non
840 1096 976 1138 exstat
1006 1097 1145 1139 uerbis
1176 1096 1272 1148 320,
1305 1097 1360 1138 26
1390 1098 1520 1140 solius
1541 1112 1647 1151 per-

144 1165 343 1206 secutoris
383 1165 572 1207 crudos
613 1165 795 1220 (fructus
833 1164 975 1218 codd.)
1014 1165 1180 1220 yladios
1216 1166 1371 1208 sentire
1404 1169 1644 1218 potuerunt.

144 1231 276 1275 latere
315 1233 453 1275 uisum
493 1234 568 1275 est.
617 1235 675 1276 sic
718 1235 843 1276 etiam
886 1235 1061 1277 uerbum
1099 1236 1294 1288 increpat
1325 1235 1419 1287 135,
1451 1235 1490 1286 6,
1536 1236 1645 1290 quod

145 1301 262 1342 certa
292 1302 532 1343 coniectura
555 1302 687 1344 Tilius
717 1302 877 1344 inuenit
905 1316 979 1357 per
998 1304 1155 1358 gradus
1186 1304 1402 1347 inchrebat
1428 1304 1646 1348 inherebat

143 1369 360 1412 inherebat
388 1371 627 1424 corruptum
660 1383 751 1412 esse
781 1371 1029 1424 putauerim.

198 1451 248 1492 In
288 1451 407 1493 tanta
446 1451 573 1505 igitur
614 1464 798 1493 errorum
832 1452 1101 1494 multitudine
1134 1453 1298 1495 errandi
1328 1465 1482 1507 genera
1512 1466 1647 1508 pauca

144 1519 241 1563 sunt
285 1533 391 1574 quae
439 1522 676 1563 accuratius
719 1533 938 1563 recensere
984 1533 1062 1563 non
1105 1533 1129 1563 a
1167 1534 1212 1564 re
1261 1522 1441 1564 alienum
1486 1524 1644 1576 putaui,

144 1589 295 1643 quippe
328 1603 351 1631 a
382 1602 558 1643 quorum
600 1590 835 1644 cognitione
877 1603 943 1632 ars
984 1590 1099 1631 recte
1136 1590 1368 1632 exercenda
1399 1590 1645 1644 dependeat.

143 1671 239 1700 nam
285 1658 356 1712 qui
402 1671 492 1700 eam
540 1671 618 1700 non
664 1659 900 1700 habuerunt
945 1671 1070 1712 quam
1101 1659 1283 1700 maxima
1312 1659 1646 1702 coniecturarum

142 1725 313 1768 licentia
343 1726 407 1768 usi
440 1727 670 1769 errauerint
699 1727 924 1769 luculentis
957 1726 1156 1780 exemplis
1177 1727 1374 1768 uidimus.
1407 1740 1513 1781 quae
1546 1741 1646 1770 uero

142 1795 310 1848 praeter
356 1807 405 1837 ea
452 1796 713 1838 emendanda
756 1796 826 1838 uel
869 1796 910 1837 in
950 1796 1227 1850 suspicionem
1258 1795 1450 1838 uocanda
1480 1796 1648 1838 fuerunt

143 1875 314 1906 numero
360 1876 495 1917 pauca
539 1865 636 1906 sunt
680 1864 750 1919 (cs.
785 1863 880 1915 100,
912 1864 939 1906 2
979 1867 1217 1907 contentum
1253 1876 1327 1918 pro
1367 1867 1646 1917 contemptum

143 1931 178 1971 V
220 1933 268 1973 ut
309 1933 375 1982 71,
423 1934 449 1976 8
490 1936 769 1986 contemptum
813 1946 994 1976 m.1·ec.
1038 1945 1110 1987 pro
1151 1936 1402 1988 contentum,
1451 1933 1545 1983 123,
1591 1933 1643 1975 21

142 2001 380 2043 minantem
409 2014 482 2055 pro
513 2004 764 2052 manentem,
797 2001 894 2051 277,
927 2002 953 2043 2
984 2001 1152 2055 colleyis
1182 2013 1255 2054 pro
1284 2000 1478 2053 collectis)
1511 2013 1645 2054 neque

143 2069 346 2122 singulari
391 2070 666 2124 explicatione
714 2070 850 2124 egent,
898 2070 977 2112 nisi
1024 2069 1134 2123 quod
1178 2082 1313 2123 pauca
1351 2081 1457 2122 quae
1496 2069 1648 2111 iniuria

141 2137 399 2180 tentauimus
429 2138 500 2180 uel
532 2138 774 2181 dubitanter
804 2138 1061 2180 mutauimus
1081 2138 1129 2179 ut
1148 2138 1332 2180 breuiter
1354 2137 1418 2178 hic
1441 2138 1645 2179 retracte-

141 2217 235 2246 mus
281 2206 439 2248 ueritas
479 2207 619 2261 exigit.
670 2207 773 2248 talia
819 2208 936 2248 sunt:
977 2207 1044 2257 83,
1077 2206 1131 2249 26
1164 2206 1485 2261 (idololatriam)
1518 2220 1647 2258 quam

141 2274 266 2314 Arrii
298 2273 377 2328 (sic
398 2273 507 2325 Lat„
532 2276 678 2317 arrius
699 2275 755 2328 V)
789 2275 1079 2328 aedificauerit
1109 2275 1159 2316 in
1189 2274 1308 2316 corde
1337 2273 1542 2324 diabolus,
1575 2273 1645 2314 ubi

140 2341 273 2383 Arrii
318 2343 670 2396 eoeaedificauerit
716 2343 890 2393 conieci,
938 2342 1012 2384 sed
1060 2342 1094 2384 si
1143 2342 1244 2395 quid
1281 2341 1322 2382 in
1369 2340 1527 2395 syllaba
1572 2340 1646 2382 illa

142 2409 248 2452 falso
293 2410 461 2453 adiecta
500 2411 617 2462 latet,
658 2412 785 2454 Arrii
815 2413 883 2454 sui
912 2412 1045 2454 latere
1077 2411 1326 2465 putauerirn,
1374 2410 1474 2451 nihil
1503 2410 1645 2451 tamen

144 2479 263 2520 latet.
287 2504 342 2510 —
368 2480 460 2529 162,
493 2480 520 2522 5
550 2483 587 2522 et
611 2493 697 2522 non
725 2481 933 2522 misisse
963 2481 1122 2522 crimen
1143 2479 1380 2521 Athanasio
1399 2478 1573 2531 falsu-m.
1605 2478 1645 2518 in

140 2546 251 2589 notis
290 2548 486 2601 proposui
524 2549 742 2591 miscuisse
773 2548 843 2590 uel
873 2549 1122 2601 inposuisse,
1154 2560 1249 2589 cum
1280 2560 1347 2589 me
1380 2547 1460 2588 duo
1493 2546 1646 2588 similia

143 2615 210 2666 79,
246 2615 295 2658 17
335 2617 452 2666 falsa
492 2617 655 2659 mittere
692 2617 875 2659 crimina
907 2617 949 2658 et
978 2617 1075 2667 278,
1111 2617 1162 2658 12
1202 2617 1385 2658 crimina
1424 2616 1539 2669 falsa
1579 2616 1646 2657 dei

141 2685 304 2726 mittere
334 2685 616 2727 sacerdotibus
646 2684 839 2739 fugerent
871 2684 940 2737 (cf.
965 2684 1062 2734 281,
1085 2684 1111 2726 3
1141 2684 1181 2725 in
1214 2684 1363 2726 Esaiae
1394 2685 1462 2737 57,
1488 2684 1515 2725 4
1547 2696 1644 2725 uer-

141 2752 205 2794 bis
236 2753 334 2804 281,
366 2753 393 2795 3
423 2754 626 2795 aduersus
672 2767 792 2807 quem
836 2753 1062 2795 inmisistis
1109 2753 1301 2806 linquam
1339 2752 1558 2803 uestram).
1590 2776 1646 2781 —

143 2820 237 2870 188,
270 2820 325 2862 26
356 2822 519 2874 poteris
557 2835 644 2864 non
682 2835 766 2864 esse
796 2822 845 2863 de
875 2821 947 2862 illo
974 2834 1133 2875 9enere,
1166 2834 1251 2863 non
1281 2833 1364 2863 esse
1395 2821 1443 2862 in
1472 2820 1645 2861 illorum

141 2889 363 2930 sententia.
408 2888 459 2930 ad
482 2889 664 2931 Luciferi
696 2889 866 2943 quidem
891 2890 1072 2930 mentem
1107 2889 1171 2930 est
1202 2887 1311 2942 quod
1344 2887 1470 2929 malui
1502 2886 1642 2940 legere
