1934 3278
554 245 608 279 De
633 247 754 280 sancto
778 245 972 280 Athanasio
998 245 1085 280 liber
1107 246 1131 280 1.
1509 248 1589 291 109

99 372 246 412 barum
275 371 354 412 cito
384 370 582 412 decident.
645 370 687 411 et
717 369 868 411 dicitur
908 383 933 411 a
959 371 1002 411 te
1041 370 1283 413 Constantio
1326 372 1586 415 destructore

100 439 168 480 dei
196 439 431 492 religionis:
478 452 584 481 meos
614 439 880 480 imitamini?
940 440 1031 492 quis
1069 452 1143 482 uos
1183 440 1368 482 imitetur
1406 442 1483 484 nisi
1516 442 1586 495 qui

98 507 202 549 uelit
231 508 447 549 uobiscum
477 507 692 561 tamquam
724 508 837 549 olera
868 508 1086 550 herbarum
1124 512 1344 550 arescere?
1384 510 1476 563 quis
1507 511 1586 552 nisi

97 577 166 630 qui
196 576 299 618 uelit
331 577 397 618 dei
426 577 708 630 indignatione
741 576 889 627 deleri,
941 577 975 618 si
1005 590 1102 618 uere
1134 578 1278 631 utique
1310 578 1432 619 dicit:
1464 579 1586 619 iusti-

62 647 200 687 ⁵tiam
230 646 463 699 loquimini,
495 646 599 687 iuste
630 646 813 688 iudicate
840 646 925 698 filii
955 645 1184 697 hominum,
1224 647 1266 687 et
1303 647 1349 688 tu
1390 647 1431 687 in
1463 647 1584 688 inno-

96 715 226 756 centis
259 714 444 768 exsurgis
474 716 648 755 necem?

150 783 278 825 XXV.
310 782 500 825 Dubitari
529 783 669 835 itaque
701 795 778 823 non
809 783 961 835 poterit
989 784 1030 824 te
1064 795 1154 824 esse
1187 796 1235 824 ex
1265 783 1362 832 illis,
1397 784 1449 825 ad
1481 797 1584 837 quos

96 852 197 893 dicit
227 852 397 905 spiritus
426 852 619 894 sanctus:
660 852 811 893 etenim
841 852 889 892 in
919 853 1036 894 corde
1065 853 1308 905 iniquitates
1337 854 1583 905 operamini,

95 922 142 962 in
171 924 284 962 terra
317 921 583 974 iniquitatem
612 933 765 962 manus
785 923 948 962 uestrae
967 922 1231 963 concinnant.
1282 920 1462 963 alienati
1482 925 1585 963 sunt

45 996 77 1021 ¹⁰
88 990 320 1041 peccatores
350 987 402 1030 ab
431 990 563 1037 utero,
608 990 857 1029 errauerunt
894 1002 921 1029 a
950 991 1108 1039 uentre,
1156 987 1283 1030 locuti
1320 993 1419 1031 sunt
1447 991 1579 1044 falsa.

95 1057 163 1098 ira
183 1055 273 1098 illis
292 1056 526 1098 secundum,
538 1055 865 1098 similitudinem.
881 1056 1095 1109 serpentis,
1117 1056 1226 1098 sieut
1244 1058 1409 1110 aspidis
1429 1058 1594 1100 surdae

93 1128 129 1168 et
159 1125 395 1168 obturantis
423 1137 549 1166 onmes
582 1137 696 1179 suas,
736 1138 841 1176 quae
878 1138 964 1166 non
1001 1125 1222 1166 exaudiuit
1261 1139 1400 1167 uocem
1429 1127 1583 1169 inean-

92 1194 275 1237 tantium
292 1194 585 1245 incantatoris,
607 1206 713 1246 quae
732 1194 981 1235 incantatur
995 1207 1023 1234 a
1038 1194 1238 1246 sapiente.
1261 1194 1361 1237 deus
1378 1197 1585 1238 conteruit

92 1263 232 1305 «lentes
261 1276 399 1305 eorum
428 1264 476 1305 in
505 1276 573 1305 ore
601 1263 799 1316 ipsorum,
831 1263 964 1305 molas
994 1262 1159 1304 leonum
1189 1263 1426 1317 eonfrinqet
1445 1264 1582 1306 domi—-

43 1342 76 1368 1⁵
92 1344 184 1374 nus.
217 1331 273 1374 ad
303 1331 493 1374 nihilum
513 1333 728 1374 uenientes
756 1334 805 1373 ut
833 1346 946 1385 aqua
966 1331 1197 1385 decurrent,
1232 1333 1411 1374 intendit
1432 1346 1583 1375 areum

90 1414 225 1455 suum,
271 1401 397 1444 donee
434 1401 715 1454 infirmentur.
775 1400 887 1442 sicut
919 1414 1016 1443 cera
1057 1400 1283 1453 liquefacta
1323 1401 1580 1454 auferentur,

90 1482 212 1523 super
242 1482 313 1512 eos
337 1470 480 1512 occulit
509 1470 633 1523 iqnis,
666 1483 752 1511 non
771 1470 974 1512 uiderunt
996 1469 1131 1512 solem.
1176 1469 1295 1511 audis
1314 1470 1356 1511 te
1378 1482 1474 1512 curn
1497 1470 1583 1512 tuis

92 1538 145 1580 ad
176 1538 347 1580 nihilum
378 1539 611 1589 uenturum,
644 1539 690 1581 ut
719 1539 802 1580 iam
823 1539 886 1580 illi
907 1539 1121 1588 uenerunt,
1153 1551 1325 1592 quorum
1349 1551 1440 1580 esse
1463 1538 1580 1580 dele-

91 1607 202 1660 geris
230 1607 426 1650 imitator.
487 1609 692 1661 conspicis
713 1621 788 1650 uos
809 1609 1096 1661 persecutores
1119 1607 1185 1651 dei
1208 1620 1436 1656 seruorum,
1468 1607 1581 1649 unici

41 1676 165 1718 3οῇΠί
198 1677 263 1718 dei
295 1678 515 1730 negator-es
547 1677 806 1730 serpentibus
838 1678 879 1718 et
901 1676 1113 1730 aspidibus
1135 1677 1404 1730 conparatos;
1438 1677 1479 1717 et
1500 1689 1579 1718 non

89 1745 259 1787 tandem
289 1747 415 1788 times
445 1746 498 1788 ad
531 1747 597 1788 dei
627 1747 668 1787 te
699 1746 921 1788 transferre
955 1746 1150 1787 domum?
1181 1759 1260 1787 non
1291 1747 1346 1794 te,
1379 1745 1450 1799 qui
1474 1757 1580 1787 unus

91 1828 181 1858 esse
212 1816 454 1858 monstraris
487 1828 534 1857 ex
564 1815 649 1857 illis
682 1815 907 1868 aspidibus,
940 1815 1002 1856 ita
1030 1815 1187 1856 formas
1215 1814 1273 1855 ad
1299 1814 1455 1855 diaboli
1486 1813 1577 1855 cal-

91 1884 277 1927 candum.
313 1885 451 1938 caput,
498 1897 577 1937 quo
618 1884 751 1937 possis
798 1884 946 1938 dignus
987 1883 1095 1925 effici
1132 1895 1307 1936 regnare
1344 1883 1452 1924 inter
1494 1895 1578 1931 eos,

91 1965 263 2006 quorum
294 1954 496 1995 Iohannes
528 1954 671 1994 narrat
698 1952 897 2006 gloriam:
929 1953 976 1994 im
996 1966 1076 1994 sua
1092 1953 1274 2005 propriu
1294 1953 1423 2005 uenit,
1454 1954 1493 1993 et
1511 1952 1580 1993 sui

39 2031 72 2057 8⁵
89 2035 183 2063 eum
211 2035 297 2063 non
329 2025 592 2075 receperunt;
637 2024 834 2074 quotquot
863 2024 1001 2062 autem
1041 2023 1280 2073 receperunt
1315 2034 1420 2075 eum,
1465 2019 1581 2062 dedit

90 2089 178 2132 illis
203 2093 443 2143 potestatem
470 2090 584 2143 fiilios
611 2091 707 2142 fieri
735 2091 816 2143 dei,
858 2091 931 2143 qui
969 2090 1144 2132 credunt
1182 2090 1232 2130 in
1261 2090 1430 2131 nomine
1459 2089 1578 2130 eius?

90 2171 166 2200 non
187 2158 436 2200 memineras
457 2159 655 2212 scriptum
677 2159 717 2200 in
738 2158 875 2200 LVIII
898 2158 1079 2212 psalmo:
1111 2158 1212 2199 deus
1233 2157 1383 2207 Israel,
1408 2157 1578 2199 intende

89 2228 144 2270 ad
173 2228 414 2270 uisitandas
443 2241 581 2270 omnes
603 2231 755 2281 qentes,
786 2241 870 2269 non
900 2227 1140 2270 miserearis
1170 2226 1360 2268 omnibus
1388 2226 1461 2278 qui
1481 2238 1575 2277 ope—

89 2300 242 2339 rantur
262 2297 541 2349 iniquitatem‚
563 2297 611 2337 ut
629 2296 793 2338 iuberes
811 2296 990 2338 dandam
1007 2296 1046 2336 in
1069 2296 1282 2337 absentem
1301 2293 1577 2335 sententiam?

38 2375 71 2401 ω
89 2378 162 2407 nec
191 2365 286 2407 LXI
318 2378 578 2407 commonere
610 2365 763 2418 pariter
796 2366 918 2418 atque
938 2365 1152 2417 increpare
1173 2363 1362 2416 spiritum
1386 2362 1582 2403 sanctum

88 2446 159 2486 per
188 2435 289 2477 haec
322 2435 450 2476 uerba
481 2446 756 2489 cognoueras:
804 2447 1009 2486 quousque
1049 2434 1223 2474 inruitis
1261 2433 1307 2472 in
1337 2431 1575 2473 hominem?

220 2559 239 2591 4
265 2557 321 2592 Ps.
340 2558 393 2601 57,
411 2558 431 2591 2
525 2558 545 2592 8
564 2558 619 2592 Ps.
638 2558 692 2597 57,
711 2557 799 2591 3-9
893 2557 935 2590 24
964 2556 1035 2591 ioh.
1056 2557 1083 2598 l,
1104 2557 1142 2589 11
1238 2555 1280 2588 27
1308 2554 1363 2589 Ps.
1382 2554 1436 2593 58,
1462 2555 1483 2588 6

86 2613 126 2648 31
153 2614 209 2649 Ps.
234 2614 289 2655 61,
314 2615 335 2648 4

153 2728 174 2761 3
198 2727 306 2762 ”olera
327 2727 354 2770 ς’
380 2740 422 2762 m.
449 2730 532 2771 rec.)
644 2727 666 2759 5
689 2726 739 2761 fili
849 2727 866 2759 7
894 2725 1047 2759 dubitari
1072 2726 1217 2769 scripsi,
1243 2724 1403 2758 dubitare
1435 2724 1483 2759 Vv

88 2794 128 2828 13
153 2778 323 2850 conten-iit
345 2799 372 2839 (⁸
396 2808 439 2830 m.
464 2798 547 2839 rec.)
689 2796 731 2829 15
763 2794 923 2828 intendet
946 2794 1034 2836 sort.
1175 2793 1215 2827 16
1241 2792 1440 2827 auferantur
1464 2805 1483 2827 υ

85 2850 124 2886 21
151 2851 253 2887 timet
343 2851 545 2887 transferres
637 2854 745 2887 temet
770 2851 813 2886 ad
839 2851 894 2885 dei
918 2851 1104 2886 transferes
1129 2851 1216 2894 fort.
1309 2849 1353 2884 28
1378 2860 1421 2883 no
