1934 3278
470 284 524 318 De
549 295 618 319 non
642 285 816 330 parcendo
842 285 878 320 in
903 285 1007 320 deum
1034 286 1331 332 delinquentibus,
1575 290 1657 331 267

155 412 305 454 archae
351 412 579 465 prophetae
621 411 797 465 apostoli
837 424 884 453 ac
924 412 1128 467 martyres
1169 412 1462 459 crediderunt:
1510 415 1656 469 utique

153 481 354 535 quantum
386 479 514 522 distet
543 481 652 522 inter
681 481 723 522 te
757 481 882 534 atque
915 481 1063 522 Iudam
1096 493 1175 523 non
1217 482 1282 523 est
1319 483 1461 536 magni
1500 483 1657 526 laboris

152 548 420 603 perpendere.

208 618 384 660 XXVII.
415 618 532 660 Dicis
563 631 630 660 me
661 618 1024 668 contumeliosum,
1058 619 1156 672 quia
1189 621 1231 661 et
1260 633 1326 662 me
1350 622 1392 661 et
1411 621 1513 663 mihi
1536 634 1655 663 com-

118 687 302 729 5missos
334 687 413 729 sim
444 688 615 741 cupiens
646 700 726 729 non
755 689 831 729 tua
860 687 1060 741 pestifera
1086 687 1277 730 doctrina
1297 689 1524 740 uulnerari,
1559 690 1658 743 quia

153 757 290 799 dicam
329 757 406 799 tibi
442 756 586 798 morbo
625 757 667 797 te
699 756 868 810 plenum
901 756 943 797 et
972 756 1127 798 iccirco
1158 758 1200 799 te
1235 770 1326 799 esse
1360 771 1384 799 a
1417 758 1484 800 dei
1517 759 1657 800 uitan-

153 826 250 867 dum
291 826 437 875 seruis,
476 838 526 866 ne
565 826 650 867 iam
686 825 765 879 ipsi
796 824 976 868 morbidi
1009 826 1144 867 effecti
1175 839 1260 868 una
1290 828 1368 868 hac
1401 828 1475 869 tua
1507 840 1658 881 perea-

150 908 244 937 mus
275 896 405 949 peste.
457 895 647 945 utinam,
690 896 825 950 inquit
858 895 1086 939 Corinthiis
1120 896 1354 950 apostolus,
1396 898 1660 940 sustineretis

143 963 355 1018 pusillum
383 965 662 1018 insipientiae
691 979 828 1017 meae,
871 966 942 1009 sed
973 969 1012 1008 et
1039 966 1278 1019 subportate
1307 980 1384 1007 me.
1436 965 1659 1007 aemulans

101 1036 133 1060 ¹⁰
150 1035 263 1076 enim
302 1047 378 1075 uos
414 1035 488 1076 deo
527 1034 730 1077 aemulor.
783 1036 918 1077 statui
955 1037 1070 1077 enim
1099 1048 1178 1078 uos
1206 1036 1288 1077 uni
1317 1036 1414 1077 uiro
1443 1036 1658 1089 uiryinem

151 1106 312 1145 castam
341 1102 527 1145 exhibere
553 1103 732 1146 Christo.
767 1105 888 1146 timeo
917 1108 1059 1147 autern
1089 1119 1142 1146 ne
1172 1105 1281 1146 sicut
1310 1095 1481 1157 serpens
1511 1103 1658 1145 Euam

150 1172 315 1214 seduxit
353 1173 516 1213 astutia
554 1185 634 1214 sua
673 1176 1005 1226 corrumpantur
1044 1186 1189 1215 sensus
1225 1173 1357 1214 uestri
1397 1187 1425 1214 a
1462 1174 1658 1215 castitate

150 1255 257 1293 quae
288 1244 349 1283 est
376 1242 424 1282 in
458 1241 621 1284 Christo
652 1242 763 1285 Iesu.
815 1242 974 1284 idcirco
1015 1243 1092 1284 tibi
1131 1242 1278 1283 uideor
1310 1254 1401 1283 esse
1434 1242 1656 1283 contume-

150 1309 294 1360 liosus,
329 1310 426 1364 quia
457 1311 536 1352 sim
566 1311 718 1352 timens
750 1324 801 1352 ne
832 1324 906 1364 per
936 1311 1241 1365 blasphemiam
1271 1313 1389 1352 tuam
1415 1323 1658 1364 corrumpas

100 1378 133 1402 ¹⁵
151 1378 389 1419 castitatem
424 1391 549 1431 quam
582 1379 785 1420 habemus
816 1379 857 1420 in
890 1378 1056 1421 Christo
1090 1379 1206 1426 Iesu,
1258 1379 1357 1432 quia
1388 1392 1532 1421 sumus
1563 1392 1657 1421 me-

149 1448 316 1488 tuentes
347 1460 412 1496 ne,
446 1447 555 1488 sicut
578 1460 747 1500 serpens
774 1447 1016 1489 carissimus
1038 1449 1135 1489 tuus
1158 1448 1291 1489 Euam
1313 1448 1479 1490 seduxit
1503 1449 1660 1490 astutia

150 1529 238 1564 sua,
271 1516 449 1557 seducas
481 1529 553 1558 nos
587 1529 610 1557 a
643 1515 720 1557 deo
753 1517 794 1557 et
824 1516 955 1558 facias
985 1529 1079 1558 reos
1111 1516 1268 1558 mortis.
1304 1516 1422 1558 ducis
1453 1530 1520 1558 me
1552 1530 1655 1559 con-

149 1586 383 1633 tumacem,
431 1585 529 1638 quia
562 1585 701 1626 dicam
730 1586 773 1626 te
806 1586 1041 1638 operarium
1075 1584 1265 1627 dolosum
1296 1586 1658 1638 pseudochristia-

151 1667 262 1695 num.
316 1667 393 1695 non
427 1654 523 1695 sunt
552 1653 734 1707 primum
765 1666 839 1707 per
869 1666 936 1694 me
979 1653 1202 1694 aduersum
1233 1654 1275 1695 te
1307 1655 1482 1707 prolata.
1537 1654 1658 1696 audis

97 1728 132 1751 ²⁰
153 1723 306 1763 etenim
345 1723 514 1764 beatum
556 1722 791 1775 apostolum
832 1722 1068 1775 operarium
1098 1722 1140 1763 te
1174 1721 1417 1775 designasse
1451 1722 1655 1773 dolosum,

151 1791 570 1846 pseudoapostolum:
602 1805 705 1833 nam
737 1791 941 1833 eiusmodi
963 1790 1307 1844 pseudoapostoli
1337 1794 1440 1832 sunt
1469 1792 1657 1844 operarii

149 1862 290 1911 dolosi,
338 1861 694 1915 transfiyurantes
731 1873 773 1902 se
812 1862 860 1901 in
893 1859 1103 1913 apostolos
1134 1859 1308 1902 Christi.
1369 1873 1446 1901 nee
1484 1860 1657 1912 miram,

150 1932 242 1984 ipse
272 1931 385 1972 enim
415 1933 596 1972 satanas
627 1930 912 1983 transfiqarat
949 1941 991 1970 se
1029 1929 1135 1970 sicut
1174 1928 1351 1981 anyelus
1390 1929 1521 1979 lucis;
1568 1942 1655 1970 non

151 2012 354 2053 maynum
385 1999 423 2040 si
445 1998 635 2040 ministri
657 1998 747 2039 eius
768 1998 1151 2051 transsiyarantur,
1185 1997 1295 2039 sicut
1315 1997 1508 2038 ministri
1529 1998 1656 2038 iusti-

99 2075 133 2101 25
151 2069 249 2119 tiae,
281 2081 458 2121 quorum
489 2068 593 2119 finis
622 2069 679 2108 est
710 2066 940 2108 secundam
974 2066 1263 2118 operationem
1294 2067 1497 2120 ipsorum.
1562 2067 1655 2108 hinc

150 2137 227 2178 tibi
258 2136 405 2178 uideor
437 2149 528 2177 esse
559 2137 776 2189 superbus,
810 2137 907 2190 quia
941 2138 1080 2179 dicam
1110 2138 1152 2178 te
1185 2148 1443 2189 cognoscens
1474 2149 1520 2177 ex
1549 2137 1657 2178 acti-

152 2206 230 2247 bus
260 2206 344 2247 tuis
376 2218 424 2247 ex
454 2205 538 2246 illis
571 2218 675 2249 esse.
716 2219 818 2259 quos
849 2206 958 2248 tales
990 2206 1150 2248 futuros
1182 2206 1351 2259 spiritus
1384 2206 1554 2246 sanctus
1587 2218 1659 2258 per

154 2274 386 2327 apostolum
418 2275 761 2328 praeostenderit.
797 2275 830 2317 si
862 2288 940 2317 non
974 2288 1017 2317 es
1048 2277 1094 2317 tu
1126 2275 1339 2328 operarius
1372 2274 1554 2318 dolosus,
1588 2287 1657 2315 re-

152 2343 272 2384 uince
304 2356 394 2390 me:
442 2355 518 2397 ego
551 2343 658 2384 enim
691 2343 776 2385 scio
816 2344 925 2397 quod
963 2343 1087 2397 fingis
1125 2345 1167 2384 te
1208 2343 1512 2386 Christianum.
1562 2355 1657 2384 cum

100 2412 352 2454 ³0Arrianus
392 2412 470 2461 sis,
515 2424 657 2453 omnes
690 2424 762 2453 nos
794 2411 976 2453 uolueris
1012 2424 1156 2453 seruos
1189 2411 1307 2453 cuius
1338 2412 1382 2451 tu
1416 2410 1577 2452 satellis
1610 2424 1655 2453 es

287 2571 308 2605 8
333 2570 366 2605 Π
391 2571 469 2606 Cor.
498 2572 549 2614 11,
578 2572 664 2605 1-—3
758 2571 798 2605 21
828 2571 874 2606 ib.
902 2571 1034 2604 13—15

225 2722 237 2752 1
268 2719 385 2763 itaque
410 2720 498 2762 fort.
638 2720 659 2752 4
687 2720 742 2763 qui
769 2722 826 2753 aet
862 2720 897 2755 Γ.
935 2720 990 2763 qui
1024 2725 1058 2753 et
1087 2731 1103 2751 r
1243 2721 1264 2753 6
1290 2719 1355 2752 ult.
1387 2722 1423 2753 te
1454 2731 1520 2753 one.
1551 2731 1567 2753 ι·

155 2778 194 2812 11
222 2777 433 2822 ιῖίῐῑιῡεῃιῖθῐιι
574 2779 617 2810 14
648 2777 811 2811 tilctmens
951 2776 1155 2820 basphemia
1187 2778 1248 2810 tua
1274 2775 1311 2818 Γ
1335 2787 1451 2820 supra
1479 2787 1499 2809 a
1525 2777 1563 2809 in
1589 2779 1661 2818 tine

153 2835 349 2877 utriusque
373 2834 547 2868 uocabuli
573 2838 698 2875 erasa)
734 2834 771 2871 V,
804 2832 1040 2876 blasphemias
1065 2837 1144 2866 tuas
1170 2844 1189 2866 v
1308 2833 1347 2865 17
1382 2832 1477 2866 ducis
1509 2834 1546 2875 V,
1573 2832 1659 2866 dicis

156 2902 174 2925 v
266 2890 309 2924 25
335 2890 514 2924 sicundum
611 2890 655 2924 26
681 2893 931 2933 cognoscentes
1026 2889 1068 2922 27
1096 2889 1178 2923 talis
