1934 3278
236 225 289 267 28
887 223 1085 258 Luciferi

233 350 316 392 tuis
348 351 532 392 habere?
563 350 690 392 nolite
721 351 867 404 iuyam
896 351 1042 392 ducere
1073 364 1166 392 eum
1197 350 1468 404 infidelibus5
1500 365 1606 404 quae
1628 352 1740 393 enim

230 420 506 472 participatio
538 420 726 461 iustitiae
758 432 851 460 cum
882 420 1138 472 iniquitate?
1179 423 1253 460 aut
1284 434 1391 472 qnae
1422 421 1596 462 societas
1629 421 1738 462 lacis

234 490 290 530 ad
321 490 544 531 tenebras?
595 503 702 541 qnae
733 492 871 530 autem
902 489 1117 530 connentio
1152 489 1314 530 Christi
1345 489 1402 530 ad
1431 489 1611 530 Belial?
1663 493 1737 530 aut

231 571 336 610 qaae
366 571 470 610 pars
499 557 615 611 fideli
647 571 738 599 oiim
778 556 977 610 infidele?
1038 558 1110 609 qai
1150 560 1290 598 antem
1329 570 1554 599 consensus
1586 558 1736 610 templo

231 627 298 667 dei
330 640 422 668 cam
453 627 618 668 idolis?
668 639 741 667 uos
773 626 886 667 enim
917 626 1014 667 estis
1046 626 1246 678 temptam
1276 626 1344 667 dei
1374 626 1496 677 niai‚·
1528 627 1735 678 seriptum

232 698 292 736 est
321 695 459 736 enim:
489 695 692 747 quoniam
723 694 966 735 inhabitabo
997 695 1046 735 in
1066 694 1155 735 illis
1187 697 1223 736 et
1245 694 1474 736 interillos
1496 694 1732 747 ambulabo,

230 767 266 804 et
296 777 362 804 ero
393 764 562 805 illorum
593 765 706 814 deas,
739 766 778 804 et
806 764 889 816 ipsi
922 767 1043 805 erunt
1064 763 1171 805 milii
1194 763 1402 816 populns;
1427 766 1603 816 propter
1624 763 1734 816 quod

229 833 335 873 exite
366 832 414 873 de
445 833 579 874 medio
600 846 740 874 eorum
761 835 798 874 et
818 832 1098 884 separamini,
1133 833 1238 873 dicit
1257 833 1468 884 dominns,
1501 835 1538 873 et
1558 832 1732 872 inman-

228 901 331 942 dum
362 916 413 943 ne
446 902 675 956 tetigeritis,
709 905 745 942 et
775 915 844 956 eqo
873 902 1077 954 recipiam
1097 915 1172 943 nos
1203 904 1241 942 et
1261 915 1327 942 ero
1347 901 1464 942 uobis
1484 901 1533 941 in
1550 903 1729 954 patrem,

228 972 266 1009 et
297 983 372 1011 iios
403 970 509 1011 milii
540 970 659 1011 eritis
681 971 729 1011 in
750 970 862 1023 filios
882 973 918 1011 et
937 971 1069 1023 filia8‚
1103 971 1206 1012 dicit
1237 970 1433 1011 dominus
1455 969 1729 1021 omnipotens.

227 1038 450 1090 quomodo⁷
484 1051 579 1079 cum
610 1038 684 1079 tua
721 1039 947 1092 praecepta
980 1039 1070 1080 orta
1100 1038 1323 1079 uideantur
1356 1051 1446 1079 esse
1480 1038 1625 1079 contra
1655 1038 1729 1078 has

229 1106 384 1148 domini
415 1107 724 1160 promissiones,
769 1107 975 1149 demorari
1014 1108 1233 1149 uobiscum
1273 1107 1420 1149 fideles
1459 1107 1728 1160 potueramus

225 1187 320 1216 cum
352 1175 620 1217 infidelibus?
681 1176 895 1217 currentes
935 1176 976 1217 in
1016 1176 1084 1217 uia
1123 1176 1231 1217 lucis
1262 1176 1481 1218 uobiscum
1511 1187 1728 1229 possemus

224 1243 335 1284 stare
368 1244 603 1285 hominibus
635 1244 715 1285 iter
747 1244 1065 1286 conficientibus
1087 1245 1127 1285 in
1151 1245 1222 1286 uia
1241 1245 1425 1287 tenebris
1450 1257 1635 1286 errorum
1656 1257 1725 1285 re-

222 1311 337 1364 pleta
370 1312 581 1353 omnium?
643 1313 735 1366 quis
768 1314 877 1354 enim
907 1313 995 1355 tam
1027 1314 1182 1355 stultus
1216 1314 1291 1363 est,
1332 1313 1378 1354 ut
1418 1326 1514 1354 cum
1547 1312 1727 1354 audierit

223 1379 347 1421 deum
382 1380 541 1422 dicere:
574 1382 776 1433 quoniam
807 1381 1050 1422 inhabitabo
1081 1383 1129 1423 in
1157 1382 1258 1433 illis,
1291 1385 1326 1422 et
1348 1382 1461 1423 inter
1491 1394 1556 1422 eos
1578 1381 1724 1422 amba-

222 1449 314 1490 labo
347 1452 383 1490 et
414 1463 482 1491 ero
503 1450 674 1491 illorum
705 1451 815 1501 deus,
848 1453 886 1491 et
916 1451 1002 1502 ipsi
1034 1454 1157 1491 erant
1189 1451 1293 1491 mihi
1318 1450 1525 1503 popalus;
1550 1452 1726 1502 propter

219 1519 332 1570 qaod
362 1519 468 1560 exite
499 1519 547 1559 de
577 1519 709 1560 medio
741 1532 881 1560 eoram
912 1522 951 1560 et
979 1519 1262 1571 separamini,
1303 1520 1409 1561 dicit
1437 1519 1647 1571 dominiis,
1688 1520 1726 1558 et

218 1587 476 1628 inmundum
507 1601 558 1628 ne
588 1588 822 1641 tetiyeritis,
856 1591 895 1628 et
923 1602 993 1642 eqo
1025 1589 1232 1641 recipiam
1262 1601 1338 1629 nos
1368 1591 1405 1628 et
1436 1601 1502 1628 ero
1535 1587 1652 1628 nobis
1677 1587 1724 1627 in

211 1658 394 1708 patrem,
445 1659 483 1696 et
525 1669 600 1697 nos
640 1656 746 1697 milii
778 1657 898 1698 eritis
927 1657 976 1697 in
1006 1657 1117 1709 fiilios
1148 1661 1185 1698 et
1214 1657 1344 1712 filias,
1391 1657 1496 1698 dicit
1527 1656 1723 1697 dominns

217 1725 491 1776 omnipotens,
526 1725 631 1777 quis,
661 1725 852 1775 diximus,
885 1725 973 1766 tam
997 1725 1149 1767 stultus
1175 1726 1250 1775 est,
1273 1725 1320 1766 ut
1341 1725 1444 1767 nolit
1465 1725 1506 1766 in
1529 1737 1573 1766 se
1596 1724 1721 1765 deum

216 1791 463 1842 inhabitare,
498 1793 568 1845 qui
609 1793 712 1834 nolit
752 1806 795 1834 se
832 1795 1048 1847 receptum
1092 1808 1114 1835 a
1157 1795 1233 1835 deo
1279 1794 1465 1846 reputari
1503 1793 1610 1833 inter
1651 1805 1720 1833 eos

217 1874 319 1914 quos
352 1861 459 1902 filios
494 1862 702 1914 appellare
737 1862 932 1915 dignatus
967 1864 1041 1912 est,
1075 1864 1122 1903 ut
1152 1875 1231 1904 non
1254 1862 1390 1916 fugiat
1409 1863 1451 1903 te
1472 1861 1719 1902 inmundum

214 1942 287 1982 per
319 1930 526 1971 haeresim
557 1931 674 1971 tuam
709 1930 929 1972 effectum?
990 1944 1068 1972 non
1111 1944 1289 1984 aequum
1322 1931 1438 1972 nobis
1470 1931 1608 1972 uisum
1641 1930 1716 1981 est,

214 1998 259 2037 ut
306 1998 522 2039 uobiscum
568 2011 642 2040 nos
681 1999 720 2039 in
762 2012 843 2040 uno
883 1999 1119 2049 fuissemus,
1169 1999 1507 2053 quandoquidem
1547 2012 1622 2041 nec
1664 2000 1718 2040 sit

215 2078 394 2118 aequum
427 2067 614 2109 homines
646 2068 797 2109 morari
832 2081 928 2108 cum
961 2068 1234 2121 serpentibus.
1299 2069 1369 2108 aut
1401 2069 1573 2122 negabis
1605 2068 1716 2109 unici

212 2134 287 2175 filii
322 2135 387 2176 dei
421 2137 640 2189 negatores
675 2137 809 2178 dictos
841 2137 881 2177 in
905 2137 1036 2178 sacris
1060 2136 1274 2189 scripturis
1298 2137 1542 2190 serpentes?
1584 2137 1617 2178 si
1639 2150 1715 2178 ne-

211 2215 311 2256 gare
344 2217 423 2245 non
454 2204 586 2257 potes,
621 2205 795 2246 aduerte
827 2206 941 2246 recte
964 2218 1038 2246 nos
1063 2205 1198 2258 egisse
1221 2205 1366 2258 fugere
1388 2218 1463 2247 uos
1487 2206 1713 2258 serpentes.

211 2272 353 2325 legisti
396 2274 630 2327 apostolum
673 2274 920 2315 Thimotheo
969 2274 1202 2315 dicentem:
1248 2274 1462 2326 profanas
1508 2275 1715 2316 nouitates

208 2355 358 2382 nocam
380 2342 547 2394 deuita,·
568 2343 747 2384 maltum
769 2344 883 2384 enim
901 2344 1123 2396 proficient
1146 2343 1202 2383 ad
1223 2344 1490 2397 impietatem,
1524 2346 1559 2384 et
1579 2356 1712 2385 sermo

208 2422 347 2450 eorum
377 2413 427 2451 ut
456 2424 606 2453 cancer
645 2412 788 2464 serpit.
851 2411 1099 2454 existimasti
1138 2413 1293 2463 tecum,
1342 2413 1459 2453 cuius
1500 2424 1635 2453 sermo
1667 2411 1713 2452 ut

207 2489 357 2518 cancer
391 2479 466 2528 est,
503 2492 593 2521 esse
626 2479 691 2521 dei
714 2480 902 2521 homines
923 2481 1138 2533 potuisse?
1168 2482 1270 2522 item
1291 2481 1441 2523 beatus
1468 2494 1562 2521 cum
1586 2493 1710 2533 prae-

208 2546 288 2599 cipi
299 2547 341 2587 at
371 2548 576 2589 Iohannes
600 2561 675 2590 uos
698 2549 917 2603 fugiendos
941 2549 1105 2591 dicens:
1136 2552 1315 2604 yaiiisiis
1338 2563 1432 2590 sam
1456 2550 1581 2591 ualde
1603 2549 1711 2602 qaod

342 2648 357 2681 1
385 2648 419 2681 Π
444 2648 520 2684 Cor.
547 2651 578 2690 6,
608 2651 741 2685 14—18
884 2652 925 2685 16
951 2651 999 2685 ib.
1025 2653 1057 2693 6,
1086 2652 1219 2686 16—18
1358 2652 1401 2686 29
1427 2651 1459 2685 Π
1485 2650 1571 2684 Tim.
1597 2651 1629 2690 2,
1658 2651 1711 2685 16.

205 2704 246 2738 17
341 2705 383 2738 33
407 2705 441 2739 Π
463 2706 512 2740 Io.
537 2707 646 2741 4—11

270 2785 290 2818 3
315 2785 431 2819 beliab
542 2787 563 2819 4
589 2798 651 2831 que
753 2789 772 2822 9
798 2791 896 2833 patre
991 2790 1034 2823 20
1059 2791 1157 2834 patre
1253 2789 1296 2823 23
1321 2790 1370 2833 ut]
1398 2789 1414 2823 ,0
1441 2790 1502 2822 aut
1527 2789 1616 2831 fort.

200 2842 243 2876 29
269 2844 436 2877 nouitatis

1752 982 1784 1007 10

1746 1325 1779 1349 15

1742 1677 1776 1701 20

1737 2017 1770 2043 25

1732 2360 1765 2385 30
