1934 3278
586 264 639 298 De
665 267 786 298 sancto
811 264 1006 299 Athanasio
1031 264 1120 299 liber
1144 265 1169 300 I.
1576 267 1631 308 93

128 390 401 443 dormiebant,
433 390 637 443 quoniam
669 391 795 431 timor
813 390 978 432 domini
997 390 1196 432 inruerat
1217 391 1266 431 in
1287 390 1395 432 illos.
1428 394 1467 432 et
1486 394 1623 433 trans-

130 459 210 500 iuit
241 457 391 500 Dauid
421 461 569 500 contra
599 461 635 500 et
664 458 779 500 stetit
809 459 857 500 in
887 460 1106 500 cacumine
1135 459 1290 501 montis
1314 459 1448 513 lonqe‚
1480 463 1516 501 et
1537 464 1629 502 erat

127 541 330 581 maynum
359 527 440 568 iter
468 527 580 568 inter
609 539 687 569 eos.
740 530 777 568 et
807 528 1052 580 deprecatus
1088 531 1145 570 est
1176 526 1328 570 Dauid
1352 528 1562 581 populum
1591 532 1628 570 et

126 595 269 638 Abner
297 599 334 637 et
365 595 525 637 locutus
545 599 602 638 est
622 595 790 638 dicens:
819 609 907 637 non
927 597 1161 649 respondes,
1193 596 1370 638 Abner?
1400 599 1440 639 et
1461 610 1627 650 respon-

93 665 189 707 ⁵dit
219 665 364 707 Abner
393 667 431 706 et
460 665 599 706 dixit:
643 665 737 717 quis
776 677 816 706 cs
855 667 901 706 tu
940 666 1014 718 qui
1044 678 1169 707 uocas
1198 666 1294 706 me?
1339 665 1442 718 quid
1471 666 1561 707 est?
1591 670 1627 707 et

125 733 236 775 dixit
270 732 418 775 Dauid
448 733 505 775 ad
533 733 704 775 Abner:
732 734 805 774 uir
834 736 880 774 tu
910 746 963 788 es,
995 736 1035 775 et
1063 735 1157 787 quis
1186 734 1296 776 sicut
1315 737 1362 775 tu
1382 734 1432 775 in
1453 735 1626 776 Israel?

125 816 254 855 quare
284 815 371 844 non
403 802 585 844 custodis
614 802 832 843 dominum
863 804 983 843 tuum
1012 803 1178 856 reyem?
1209 803 1413 855 quoniam
1442 803 1627 845 intrauit

124 886 236 915 unus
272 872 320 914 de
351 871 512 925 populo
551 871 788 924 disperdere
817 869 1036 912 dominum
1078 874 1195 913 tuum
1243 885 1390 926 reyem.
1451 885 1540 913 non
1569 878 1626 914 est

124 944 277 985 bonum
307 941 380 984 hoc
410 940 519 994 quod
549 940 697 993 fecisti.
747 941 860 982 uiuit
889 941 1098 995 dominus,
1132 941 1335 993 quoniam
1363 941 1449 994 filii
1478 941 1623 982 morti—

73 1023 105 1048 10
122 1013 338 1066 ficationis
358 1023 434 1052 uos
457 1012 570 1064 estis,
593 1010 667 1063 qui
682 1023 769 1051 non
786 1009 1022 1051 custodistis
1041 1009 1260 1051 dominum
1276 1023 1410 1064 reqem
1426 1014 1622 1064 uestrum,

123 1081 324 1123 christum
355 1079 532 1121 domini.
571 1081 609 1120 et
638 1091 752 1120 nunc
781 1078 880 1120 uide
910 1078 983 1119 ubi
1013 1082 1071 1119 est
1102 1078 1250 1120 lancea
1287 1079 1398 1132 reqis
1434 1083 1471 1120 et
1501 1078 1625 1120 lentis

121 1163 255 1204 aquae
285 1162 392 1202 quae
422 1151 512 1189 erat
543 1147 600 1190 ad
629 1150 756 1200 caput
785 1148 887 1189 eius.
947 1150 985 1188 et
1016 1147 1208 1201 coqnouit
1246 1161 1320 1189 rex
1351 1147 1459 1189 Saul
1488 1162 1624 1190 uocem

122 1218 273 1261 Dauid
304 1220 344 1259 et
364 1217 475 1258 dixit
492 1228 506 1258 .·
527 1229 610 1258 uox
629 1219 706 1257 tua
726 1215 839 1268 haec,
859 1215 928 1269 fili
948 1215 1137 1258 Dauid?
1157 1229 1305 1258 seruus
1328 1219 1437 1266 tuus,
1458 1217 1623 1259 domine

123 1301 206 1330 rex.
238 1290 277 1329 et
306 1286 459 1328 adiecit
491 1285 663 1327 Dauid:
693 1288 741 1326 ut
769 1285 873 1337 quid
901 1285 976 1327 hoc
1001 1287 1270 1339 persequitur
1289 1287 1485 1328 dominus
1505 1301 1622 1329 meus

71 1370 102 1395 15
122 1359 231 1398 retro
261 1368 432 1397 seruum
462 1354 621 1396 suum?
652 1354 855 1407 quoniam
886 1355 989 1407 quid
1019 1354 1178 1408 deliqui
1209 1358 1248 1397 et
1276 1369 1383 1408 quae
1413 1358 1473 1397 est
1502 1370 1529 1397 a
1559 1370 1623 1398 me

122 1425 323 1467 malitia?
353 1427 389 1465 et
419 1436 534 1465 nunc
564 1423 716 1464 audiat
745 1423 944 1465 dominus
974 1437 1088 1465 meus
1124 1437 1198 1465 rex
1226 1427 1357 1467 uerba
1395 1425 1509 1467 serui
1538 1426 1618 1478 sui,

118 1495 158 1536 si
199 1494 394 1535 dominus
432 1492 531 1534 deus
567 1492 723 1533 incutit
761 1494 798 1532 te
836 1492 885 1533 in
925 1505 1063 1533 meum
1100 1492 1284 1535 dolorem
1329 1496 1369 1535 et
1398 1495 1620 1536 uictimam

122 1562 444 1613 iminolationis;
481 1561 591 1614 quod
627 1561 665 1602 si
701 1560 787 1613 filii
825 1560 1064 1615 hominum,
1105 1561 1319 1603 maledicti
1357 1562 1403 1604 hi
1440 1564 1487 1604 in
1525 1577 1621 1605 con-

119 1634 258 1685 spectu
287 1631 463 1683 domini,
496 1631 700 1683 quoniam
731 1631 935 1671 eiecerunt
965 1643 1027 1671 me
1057 1630 1178 1671 hodie
1209 1643 1294 1671 non
1325 1632 1619 1684 confirmatum

68 1712 101 1737 20
118 1714 200 1742 esse
230 1701 280 1742 in
312 1702 603 1741 testamentum
633 1699 798 1740 domini
819 1699 1024 1742 dicentes:
1054 1700 1176 1753 uade‚
1208 1700 1323 1741 serui
1344 1701 1429 1742 diis
1451 1702 1618 1744 alienis.

118 1773 154 1811 et
185 1783 297 1811 nunc
327 1782 412 1810 non
443 1769 559 1810 cadet
598 1769 775 1822 sanquis
805 1782 918 1810 meus
957 1769 1006 1810 in
1044 1772 1198 1810 terram
1229 1772 1326 1810 ante
1357 1774 1618 1822 conspectum

116 1839 298 1893 domini,
345 1838 547 1891 quoniam
586 1838 688 1879 exiit
726 1851 800 1879 rea:
839 1837 977 1880 Israel
1016 1851 1213 1890 quaerere
1246 1837 1432 1890 pulicem
1469 1853 1616 1894 unum,

115 1908 222 1949 sicut
245 1908 515 1961 persequitur
545 1909 698 1949 noctua
730 1907 777 1947 in
807 1907 1029 1949 montibus.
1061 1910 1098 1949 et
1129 1907 1241 1949 dioeit
1270 1907 1401 1949 Saul:
1423 1910 1615 1960 peccaui,

115 1979 316 2026 conuerte,
361 1976 428 2029 sili
458 1974 631 2030 Dauid,
677 1977 879 2028 quoniam
917 1990 1004 2018 non
1044 1976 1310 2030 maliqnabor
1349 1977 1397 2017 in
1435 1979 1472 2019 te
1515 1978 1613 2032 iam,

64 2053 97 2078 2⁵
114 2045 206 2086 ideo
238 2045 440 2097 quoniam
469 2045 620 2085 anima
650 2058 743 2086 mea
774 2048 943 2098 accepta
963 2048 1021 2086 est
1042 2048 1142 2086 ante
1163 2045 1302 2087 oculos
1321 2048 1413 2086 tuos
1437 2046 1486 2086 in
1506 2046 1615 2087 diem

113 2113 236 2161 hunc,
262 2114 309 2153 in
330 2126 410 2165 quo
431 2113 586 2154 stultus
605 2114 744 2166 factus
764 2127 869 2165 sum,
902 2117 940 2155 ct
960 2114 1161 2167 iqnoraui
1183 2114 1319 2155 multa
1340 2113 1613 2156 ‘uehementem

113 2185 149 2222 et
179 2181 397 2235 respondit
426 2181 578 2223 Dauid
608 2183 776 2224 dicens:
805 2195 889 2224 ecce
911 2182 1060 2224 lancea
1081 2183 1205 2236 reqis,
1239 2183 1408 2224 accedat
1430 2196 1543 2224 unus
1564 2196 1613 2224 esc

105 2251 257 2303 pueris
286 2253 323 2291 et
349 2251 532 2302 accipiat
552 2264 655 2291 eam.
687 2254 723 2292 et
743 2251 938 2293 dominus
959 2252 1153 2293 restituat
1174 2252 1403 2304 unicuique
1424 2252 1612 2292 iustitias

113 2321 149 2359 ct
170 2319 296 2372 fidem
315 2331 451 2372 suam,
483 2319 590 2360 sicut
615 2319 795 2361 tradidit
825 2323 861 2360 te
881 2319 1002 2361 hodie
1023 2320 1072 2360 in
1093 2320 1292 2360 manibus
1313 2320 1414 2360 meis
1435 2322 1472 2359 et
1493 2319 1613 2360 nolui

63 2394 97 2420 ³⁰
113 2388 268 2428 inicere
299 2399 475 2428 manum
496 2400 632 2428 meam
656 2388 705 2428 in
730 2387 935 2429 christum
956 2388 1132 2430 domini.
1165 2401 1249 2429 ecce
1270 2388 1379 2429 sicut
1399 2387 1608 2428 exaltauit

112 2468 153 2498 se
183 2456 334 2497 anima
364 2458 438 2496 tua
470 2456 518 2496 in
547 2455 658 2497 diem
687 2456 798 2498 hunc
823 2460 920 2498 ante
941 2458 1078 2498 oculos
1103 2469 1225 2509 meoS,
1259 2457 1320 2497 sic
1350 2456 1612 2508 siynisicetur

113 2525 262 2565 anima
293 2537 385 2566 mea
415 2525 463 2564 in
494 2527 711 2577 conspectu
741 2525 918 2576 domini,
953 2527 990 2565 et
1020 2525 1207 2576 abripiat
1239 2538 1301 2565 me
1331 2527 1366 2564 et
1397 2527 1516 2565 eruat
1548 2537 1611 2565 me

113 2605 163 2633 ea:
184 2592 376 2634 omnibus
396 2591 753 2634 tribulationibus,
786 2595 824 2633 et
844 2593 954 2634 dizit
978 2593 1084 2635 Saul
1106 2593 1162 2634 ad
1184 2591 1348 2635 Dauid:
1375 2592 1610 2634 benedictus

115 2663 173 2708 tu,
204 2661 284 2712 fili,
319 2664 354 2701 et
389 2660 570 2715 (facies)
605 2661 766 2713 faciens
798 2663 836 2701 et
860 2663 1008 2712 potens
1032 2661 1204 2712 poteris.

181 2761 222 2794 12
248 2772 392 2806 aq3quae
522 2762 563 2795 16
589 2763 642 2796 sui
668 2775 733 2797 om.
763 2775 779 2796 c
912 2763 950 2795 17
978 2765 1057 2796 tuus
1083 2762 1209 2796 incutit
1234 2767 1270 2796 te
1295 2763 1329 2796 in
1355 2773 1421 2802 me,
1449 2761 1610 2796 odoretur

110 2818 287 2852 uictimam
318 2819 495 2853 Latinius
592 2820 633 2853 19
660 2823 845 2863 egecerunt
937 2819 982 2852 32
1006 2823 1225 2863 conspectum
1252 2832 1295 2854 m.
1322 2824 1340 2854 1
1435 2819 1476 2852 34
1503 2819 1608 2852 facies

111 2875 198 2909 add.
229 2875 468 2914 (halandia-5,
494 2879 611 2909 ποιῶν
636 2877 798 2919 ποιήσεις
824 2876 936 2909 LXX
