1934 3278
245 201 299 243 48
898 201 1094 236 Luciferi

247 327 303 368 ad
335 341 407 368 me.
472 330 508 368 et
543 327 713 381 royauit
746 326 864 368 homo
902 327 968 368 dei
1002 327 1155 380 faciem
1192 328 1369 384 domini,
1418 333 1454 370 et
1491 344 1661 373 reuersa
1692 335 1751 373 est

248 410 402 438 manus
439 396 550 450 reyis
587 397 644 438 ad
684 410 790 447 eum,
837 399 873 437 et
910 396 1029 449 facta
1066 400 1125 439 est
1163 398 1511 450 quemadmodum
1542 400 1747 451 primum.

244 466 403 520 inpleta
448 478 543 507 cum
588 465 743 507 uiderit
782 465 822 506 et
860 465 1050 519 prodigia
1096 479 1201 519 quae
1252 466 1415 507 fuerant
1462 479 1530 508 ore
1569 468 1747 510 hominis

246 536 407 589 prolata
449 535 515 575 dei
556 534 597 575 et
635 534 854 576 brachium
893 533 1067 587 impium
1107 536 1345 588 porrectum
1387 535 1438 576 ad
1472 536 1537 576 dei
1570 537 1748 578 hominis

247 617 391 646 necem
423 603 593 656 repente
627 603 789 644 aridum
822 602 981 643 factum
1012 616 1084 656 pro
1116 604 1245 654 metu,
1279 604 1393 645 illico
1427 604 1553 646 etiam
1584 618 1656 658 per
1681 605 1747 646 dei
1786 615 1801 639 5

247 673 419 715 cultoris
450 684 618 725 precem
640 671 798 712 factum
820 671 1042 720 incolume,
1076 672 1278 725 numquid
1309 672 1590 715 idololatriam
1622 687 1747 727 quam

243 743 332 795 ipse
364 740 640 782 constituerat
667 739 918 792 dissipauit?
950 741 1151 793 numquid
1185 741 1295 782 diem
1328 742 1481 782 festum
1513 755 1637 795 quem
1658 743 1747 795 ipse

243 811 420 853 finxerat
461 822 509 852 ex
542 808 667 851 corde
708 821 781 850 suo
820 809 993 850 tandem
1032 810 1143 851 tollit
1187 823 1207 852 e
1240 811 1408 852 medio?
1448 811 1638 858 minime;
1673 811 1746 852 sed

242 880 281 921 in
317 892 366 921 ea
395 878 628 933 pertinacia
658 878 1010 931 praesumptionis
1044 891 1144 920 suae
1177 879 1388 920 inuenitur
1418 879 1565 921 mortis
1599 892 1746 920 susce-

242 950 351 1004 pisse
385 949 507 990 diem.
569 959 648 988 non
682 958 780 999 ergo
801 946 943 987 mirari
965 946 1206 1000 poterimus,
1242 948 1287 997 si,
1323 948 1434 1001 quod
1458 948 1560 990 deus
1584 949 1749 989 auertat

245 1033 268 1061 a
297 1020 353 1068 te,
385 1018 426 1058 in
458 1015 622 1057 haeresi
651 1015 727 1056 tua
758 1015 970 1057 censueris
992 1016 1139 1057 mortis
1164 1016 1273 1057 diem
1297 1017 1521 1070 suscipere,
1556 1018 1747 1070 quando-

245 1087 413 1143 quidem
447 1086 572 1127 etiam
604 1084 733 1138 signis
776 1096 821 1125 ac
853 1084 1055 1138 prodigiis
1101 1097 1180 1126 non
1211 1085 1424 1138 potuerint
1454 1086 1611 1138 priores
1644 1099 1742 1128 con-

243 1155 436 1209 sacrilegi
467 1155 528 1195 tui
560 1154 750 1195 reuocari
785 1153 838 1194 ad
870 1154 1004 1195 solum
1039 1154 1165 1195 deum
1198 1155 1435 1196 colendum.
1500 1155 1602 1196 dicit
1635 1155 1743 1197 enim

244 1227 295 1268 de
325 1224 581 1267 Hieroboam
614 1223 759 1264 sancta
791 1223 1018 1276 scriptura:
1052 1226 1092 1265 et
1115 1227 1212 1276 post
1243 1223 1316 1265 hoe
1347 1237 1433 1265 non
1464 1227 1523 1266 est
1551 1237 1746 1266 ‘reuersus

243 1294 471 1337 Hieroboas
511 1306 539 1333 a
567 1292 741 1335 malitia
770 1305 864 1345 sua,
904 1292 973 1333 sed
1010 1305 1205 1333 reuersus
1245 1295 1303 1334 est
1341 1296 1378 1334 et
1415 1294 1510 1346 fecit
1549 1306 1598 1334 ew
1620 1295 1748 1346 parte

235 1363 390 1418 populi
440 1362 669 1404 sacerdotes
712 1360 979 1402 excelsorum.
1041 1361 1114 1414 qui
1159 1362 1269 1403 enim
1314 1362 1479 1404 uolebat
1523 1361 1749 1404 adleuabat

244 1445 419 1474 manum
449 1444 583 1482 suam,
616 1433 653 1472 et
681 1430 807 1483 siebat
835 1430 1029 1471 sacerdos
1059 1430 1108 1471 in
1131 1430 1313 1472 excelsis.
1346 1434 1383 1473 et
1402 1431 1562 1484 factum
1595 1434 1653 1472 est
1674 1430 1748 1472 hoe

245 1502 415 1545 uerbum
453 1500 503 1542 in
532 1502 754 1553 peccatum
791 1499 840 1540 in
880 1499 1049 1540 domum
1079 1499 1338 1541 Hieroboam
1381 1503 1417 1542 et
1447 1501 1496 1541 in
1526 1501 1747 1542 interitum

245 1574 283 1613 et
311 1570 360 1611 in
391 1568 688 1610 exterminium
718 1581 746 1608 a
774 1567 887 1621 facie
917 1570 1066 1608 terrae.

302 1639 371 1679 VI.
408 1637 524 1690 Quae
557 1649 607 1677 ne
642 1635 833 1677 dicantur
874 1635 1001 1676 etiam
1044 1635 1094 1676 de
1131 1636 1187 1685 te,
1231 1648 1385 1689 quaeso
1425 1637 1557 1678 temet
1596 1637 1747 1690 eripias

244 1720 267 1749 a
298 1706 476 1748 nefando
509 1704 778 1747 Arrianorum
810 1705 945 1754 coetu,
988 1716 1142 1757 quaeso
1182 1704 1238 1745 sis
1271 1704 1532 1747 Christianus
1574 1707 1619 1747 ut
1652 1706 1746 1747 ante

245 1790 336 1818 eras
383 1788 430 1817 ex
472 1774 660 1823 Arriano,
707 1786 782 1814 nec
824 1773 941 1814 nobis
980 1772 1210 1826 indigneris
1251 1774 1363 1826 quod
1403 1775 1522 1815 actus
1567 1776 1662 1816 tuos
1706 1776 1747 1815 et

241 1845 476 1887 Hieroboae
511 1855 758 1895 aequemus;
793 1842 867 1883 sed
888 1842 1024 1895 magis
1048 1843 1221 1883 obsecro
1245 1843 1479 1895 conspicias
1501 1844 1575 1885 has
1602 1856 1745 1885 omnes

243 1913 538 1955 instructiones
572 1911 709 1964 potius
732 1923 856 1963 quam
879 1910 1186 1963 increpationes
1209 1911 1508 1965 nuncupandas
1532 1912 1745 1964 sospitatis

242 1984 339 2023 tuae
370 1994 437 2022 me
469 1981 576 2022 bono
607 1980 809 2032 ingerere.
843 1979 1082 2032 conpararis
1115 1979 1267 2020 etenim
1302 1993 1324 2021 a
1355 1980 1472 2021 nobis
1493 1981 1743 2023 Hieroboae.
1768 1995 1799 2019 ·5

242 2050 393 2092 nostris
423 2048 681 2101 temporibus
714 2048 811 2100 quia
843 2047 901 2089 sic
935 2048 1107 2089 cunctos
1141 2060 1165 2088 a
1197 2048 1273 2089 deo
1296 2049 1424 2090 fueris
1447 2050 1621 2090 conatus
1644 2062 1743 2090 uer-

241 2121 342 2169 tere,
377 2118 485 2160 sicut
514 2117 585 2158 ille
615 2117 815 2170 populum
848 2116 973 2158 fuerit
994 2117 1168 2158 conatus
1191 2117 1325 2158 Israel
1346 2117 1485 2159 facere
1510 2119 1743 2171 apostatam

244 2200 291 2229 ex
324 2187 390 2228 dei
421 2186 593 2228 cultore.
655 2185 748 2227 nolo
791 2185 925 2226 adhuc
958 2185 1052 2226 hinc
1088 2185 1166 2227 tibi
1199 2186 1357 2239 aliquid
1391 2187 1477 2240 spei
1508 2187 1742 2240 promittas.

243 2256 353 2310 quod
388 2257 495 2298 enim
525 2254 634 2295 male
668 2254 723 2295 sis
756 2254 914 2296 faciens
948 2255 988 2295 et
1019 2255 1160 2295 tamen
1191 2267 1355 2308 regnes,
1397 2268 1492 2296 cum
1524 2256 1670 2297 uideas
1704 2257 1744 2297 et

241 2324 494 2366 Hieroboam
519 2323 588 2364 diu
609 2335 809 2376 regnasse
832 2323 872 2364 in
892 2323 1050 2364 scelere
1074 2335 1160 2373 suo,
1195 2323 1268 2364 sed
1293 2324 1333 2364 et
1354 2324 1486 2365 filium
1510 2324 1743 2365 Salomonis

239 2393 416 2434 totidem
451 2393 492 2434 et
522 2392 804 2433 idololatriam
827 2393 1042 2445 gerentem
1064 2392 1105 2433 in
1130 2392 1276 2434 eodem
1302 2392 1545 2434 defunctum
1568 2393 1741 2434 scelere.

380 2552 421 2584 14
447 2551 495 2584 m
520 2552 604 2595 Reg.
633 2552 686 2589 13,
713 2551 766 2586 33.
793 2552 836 2585 34

309 2700 329 2732 3
356 2703 390 2733 et
417 2701 452 2739 V,
479 2700 563 2733 haec
585 2712 612 2738 r,
641 2711 681 2734 ea
699 2701 786 2742 fort.
882 2701 1002 2744 4post
1023 2699 1078 2733 dei
1097 2699 1259 2743 spatium
1279 2699 1356 2741 fere
1375 2703 1417 2733 15
1438 2701 1646 2734 litterarum

242 2757 262 2788 5
281 2759 410 2790 metum
427 2768 471 2790 m.
490 2761 507 2791 l
606 2758 623 2790 7
652 2768 751 2801 quem
773 2770 801 2799 e,
829 2757 919 2801 quod
946 2759 975 2791 V
1057 2756 1099 2790 23
1118 2767 1325 2800 aequaemus
1420 2757 1463 2791 ‘28
1482 2758 1646 2791 cultorem

242 2814 281 2847 31
311 2813 509 2847 idolatriam

1770 964 1801 986 11)

1769 1311 1801 1335 15

1769 1653 1802 1678 20

1765 2337 1797 2361 :30
