1934 3278
258 335 349 378 XV.

238 403 352 446 XVI.

218 472 351 513 XVII.

193 542 348 584 XVIII.

172 612 351 655 XVIIII.

262 680 352 722 XX.

237 750 348 792 XXI.

221 819 353 860 XXII.

196 887 354 930 XXIII.

172 956 353 998 XXIIII.

218 1025 349 1068 XXV.

195 1095 347 1136 XXVI.

172 1163 348 1206 XXVII.

153 1233 351 1275 XXVIII.

131 1302 348 1344 XXVIIII.

217 1371 347 1413 XXX.

194 1440 348 1482 XXXI.

177 1507 350 1550 XXXII.

152 1576 352 1619 XXXIII.

131 1645 355 1687 XXXIIII.

182 1713 352 1756 XXXV.

383 333 716 377 Dissimulatori.

387 403 624 446 Saecularia
654 403 697 445 in
730 406 867 446 totum
899 404 1107 459 fugienda.

384 472 668 515 Christianum
699 472 831 514 talem
864 485 967 515 esse.

382 542 585 584 Matronis
617 541 814 584 ecclesiae
845 541 922 584 Dei
954 544 1052 585 uiui.

384 612 494 653 Item
526 611 638 664 ipsis.

386 681 433 721 In
467 679 638 722 eeclesia
667 678 782 720 omni
813 678 964 733 populo
997 679 1087 721 Dei.

382 748 635 803 Martyrium
666 747 836 789 uolenti.

388 817 555 860 Bellum
587 816 872 859 cottidianum.

388 887 450 928 De
481 887 566 928 zelo
600 885 973 939 concupiscenciae.

386 955 465 1008 Qui
498 956 546 997 de
578 955 687 997 malo
719 955 885 996 donant.

384 1026 444 1067 De
476 1037 573 1078 pace
604 1024 789 1067 subdola.

380 1093 638 1135 Lectoribus.

384 1163 603 1205 Ministris.

386 1232 623 1274 Pastoribus
654 1231 745 1273 Dei.

382 1300 613 1343 Maioribus
646 1301 756 1342 natis
790 1300 890 1343 dico.

382 1370 604 1412 Infirmum
635 1371 693 1412 sic
724 1370 863 1412 uisita

382 1438 640 1492 Pauperibus
672 1439 796 1482 sanis.

386 1507 512 1550 Filios
545 1521 627 1551 non
658 1509 870 1562 lugendos.

385 1577 445 1618 De
479 1589 630 1631 pompa
660 1577 829 1619 funeris.

388 1644 571 1687 Clericis.

386 1715 446 1756 De
479 1713 680 1757 fabulosis
712 1717 753 1757 et
784 1715 962 1760 silentio,

156 1783 347 1825 XXXVI.
381 1783 575 1825 Ebriosis.

128 1851 342 1894 XXXVII.
375 1851 551 1894 Pastori.

104 1921 338 1964 XXXVIII.
370 1920 527 1963 Oranti.

84 1990 338 2034 XXXVIIII.
371 1990 535 2033 Nomen
567 1989 706 2033 Gasei.

1532 216 1585 258 57

148 2150 222 2186 XV
261 2149 525 2183 Dissimulatori
563 2127 858 2193 (Dessimulatori
896 2150 943 2193 C)
982 2149 1158 2184 secularia
1193 2149 1229 2182 in
1264 2150 1381 2183 totum
1415 2151 1509 2192 (toto
1542 2150 1589 2193 C)

82 2207 254 2252 fugienda
280 2208 324 2242 0.
351 2207 515 2251 Antiquo
539 2207 658 2252 iyitur
682 2218 812 2249 errore,
839 2212 881 2243 ut
904 2209 988 2252 ipsa
1013 2207 1219 2242 acrostichon
1245 2205 1323 2240 XV
1345 2210 1378 2241 et
1403 2206 1507 2242 XVI
1527 2207 1586 2248 (cf.

77 2275 113 2309 p.
139 2267 209 2309 78),
242 2266 298 2299 ita
329 2265 437 2300 etiam
471 2265 572 2299 tituli
603 2275 725 2300 eorum
756 2266 985 2301 coaluerunt.
1039 2265 1117 2310 Quo
1146 2265 1288 2307 factum
1313 2267 1373 2304 est,
1408 2269 1450 2299 ut
1484 2274 1584 2300 acro-

81 2322 208 2357 stichis
232 2322 505 2366 insequentibus
530 2322 664 2363 XVII,
691 2322 854 2365 XVIII,
882 2323 1058 2358 XVIIII
1080 2326 1143 2357 etc.
1168 2323 1210 2357 in
1236 2323 1304 2358 CB
1327 2323 1423 2365 falso
1446 2324 1589 2359 numeri

83 2379 192 2420 XVI,
225 2379 357 2421 XVII,
391 2379 544 2414 XVIII
571 2380 644 2419 (16,
680 2382 734 2422 17,
767 2380 828 2426 18)
861 2384 925 2415 etc.
959 2380 1283 2422 adtribuerentur3
1316 2381 1379 2425 qui
1413 2391 1516 2415 error
1547 2382 1589 2415 in

83 2438 253 2472 editionis
275 2439 417 2482 primae
443 2438 562 2472 titulis
587 2441 770 2472 correctus
787 2441 853 2481 est3
881 2438 930 2473 ibi
946 2439 1041 2472 enim
1058 2438 1214 2483 leyitur:
1238 2439 1293 2473 56.
1311 2438 1588 2472 Dissimulatori.

82 2495 137 2533 57,
163 2495 341 2530 secularia
366 2495 402 2528 in
429 2497 546 2529 totum
572 2494 745 2539 fugienda.
770 2499 834 2530 etc.
860 2495 922 2538 (cf.
941 2495 978 2531 S.
1000 2497 1069 2530 107
1083 2506 1122 2539 p.
1141 2498 1210 2530 741
1225 2498 1291 2540 sq.)
1385 2495 1500 2531 XVII
1519 2495 1590 2530 tale

86 2552 121 2587 G
232 2553 389 2588 XVIIII
414 2552 505 2587 Item
534 2551 642 2588 GBr
667 2553 727 2595 (cf.
752 2553 849 2589 titul.
875 2553 908 2594 Ι,
934 2555 980 2588 39
1005 2556 1038 2588 et
1060 2564 1098 2597 p.
1124 2555 1205 2595 85);
1230 2552 1366 2587 Iterum
1394 2551 1498 2587 ALd

82 2609 177 2645 XXI
204 2608 415 2644 Marturium
443 2610 520 2652 Ld;
547 2611 592 2653 cf.
614 2622 653 2654 p.
679 2613 727 2645 89
867 2611 1006 2647 XXIII
1032 2610 1316 2655 concupiscentie
1343 2611 1393 2649 G;
1425 2611 1590 2655 concupi·

84 2667 236 2701 scentiae
261 2668 295 2700 r²
389 2668 521 2705 XXVI
547 2668 759 2703 Rectoribus
783 2679 803 2703 r
921 2668 1116 2705 XXVIIII
1141 2668 1339 2703 Maioribus
1366 2669 1399 2704 C
1513 2667 1589 2702 dico

88 2735 155 2759 om.
181 2725 228 2766 C;
255 2724 299 2766 cf.
322 2735 360 2769 p.
388 2728 434 2760 99
581 2727 730 2762 XXXV
755 2725 886 2761 fabulis
911 2725 1005 2769 B(.2>
1114 2727 1347 2764 XXXVIIII
1373 2726 1513 2763 GASEI
1540 2727 1588 2770 03

92 2782 188 2826 gasei
215 2781 250 2816 B
275 2782 334 2824 (cf.
358 2793 393 2825 p.
420 2786 518 2825 110);
546 2782 651 2818 Gazei
678 2785 732 2826 r¹3
759 2782 885 2819 Gazaei
910 2785 972 2817 r²v
