1934 3278
502 187 556 221 De
581 197 650 222 non
677 187 915 223 conueniendo
941 199 1016 223 cum
1042 189 1237 225 haereticis.
1568 194 1625 238 33

123 312 312 366 apostoli,
347 312 392 353 ut
421 312 463 354 te
497 312 623 366 atque
656 312 815 354 similes
845 313 921 355 tibi
942 313 1173 356 uitaremus
1195 316 1237 356 et
1256 315 1298 357 in
1321 319 1517 372 suscepta
1537 318 1621 362 fide

122 393 252 434 usque
284 380 338 422 ad
367 380 515 422 mortis
548 380 704 422 exitum
734 385 1029 424 maneremus?
1058 383 1197 425 Iudas
1225 384 1326 426 Iesu
1349 385 1513 429 Christi
1540 400 1621 430 ser·

120 462 210 500 uus,
241 449 379 502 frater
407 451 547 491 autem
577 449 723 492 Iacobi
759 449 828 491 his
867 451 942 503 qui
980 451 1028 492 in
1056 452 1131 494 deo
1159 455 1281 505 patre
1310 453 1474 497 dilectis
1504 459 1541 497 et
1570 457 1619 498 in

120 518 220 560 Iesu
239 517 411 561 Christo
433 519 692 561 conseruatis
720 520 893 562 uocatis.
926 520 1219 563 misericordia
1249 521 1366 564 uobis
1397 526 1434 564 et
1455 537 1552 577 pax
1582 529 1620 567 et

84 605 99 629 5
117 587 279 628 caritas
308 586 626 640 multiplicetur.
658 588 884 638 carissimi,
916 601 1077 632 omnem
1097 589 1425 633 sollicitudinem
1453 592 1618 646 faciens

117 655 326 698 scribendi
355 655 472 698 uobis
500 657 551 699 de
580 656 794 699 communi
834 659 983 699 nostra
1020 657 1156 700 salute
1193 659 1402 712 deprecor,
1442 662 1491 702 ut
1523 674 1619 714 per-

118 723 315 766 laboretis
342 724 468 767 semel
498 725 683 768 traditae
703 725 905 767 societati.
937 726 1288 769 subintrauerunt
1308 728 1421 770 enim
1441 729 1617 782 quidam

117 793 313 847 homines,
346 793 447 836 olim
477 793 645 847 quidem
659 795 923 847 praescripti
944 795 1002 837 ad
1022 795 1097 838 hoc
1116 795 1340 846 iudicium,
1372 797 1511 851 impii,
1543 798 1619 850 qui

116 862 184 904 (lei
213 862 403 915 qratiam
432 862 703 915 transferunt
732 862 790 904 ad
822 863 1124 916 inpudicitiam
1145 866 1186 906 et
1205 865 1278 918 qui
1298 867 1357 907 est
1378 865 1619 908 dominator

65 946 97 971 ιο
119 934 253 973 noster
290 934 327 973 et
357 932 552 973 dominus
582 931 705 973 Iesus
731 931 927 974 Christus
959 946 1051 974 eum
1081 936 1294 988 neqantes.
1355 945 1450 975 cum
1481 945 1616 987 nega-

114 999 274 1042 toribus
305 999 425 1041 uobis
454 999 710 1053 blasphemis
742 999 879 1041 fuerat
910 1000 1025 1042 nefas
1064 1001 1300 1052 conuenire,
1342 1014 1437 1043 eum
1478 1001 1613 1043 adhuc

118 1080 258 1110 eorum
310 1068 379 1121 qui
430 1068 684 1121 transgressi
739 1069 835 1110 sunt
892 1068 1094 1111 mandata
1146 1070 1300 1111 domini
1357 1082 1615 1124 praeponens

115 1136 304 1190 exempla
334 1136 484 1190 urgeat
516 1136 645 1178 corda
674 1137 816 1179 nostra
848 1149 1018 1179 manere
1056 1137 1097 1179 in
1131 1150 1182 1180 ea
1218 1137 1302 1180 fide
1342 1138 1382 1179 in
1415 1150 1498 1192 qua
1526 1138 1615 1192 ipse

113 1206 308 1248 uideatur
337 1205 554 1247 mansisse.
617 1206 839 1248 admonere
868 1206 1012 1259 itaque
1042 1219 1119 1248 uos
1148 1207 1241 1248 uolo
1261 1207 1416 1258 dicens,
1442 1207 1615 1249 scientes

64 1288 95 1313 ιε
113 1275 272 1328 omnia,
302 1274 507 1327 quoniam
536 1275 638 1316 deus
661 1275 872 1328 populum
892 1288 1015 1317 suum
1035 1276 1085 1318 de
1110 1279 1225 1318 terra
1244 1276 1424 1330 Aeyypti
1443 1275 1614 1317 saluum

112 1343 231 1398 fecit3
264 1343 492 1385 secundum
522 1345 661 1384 autem
683 1356 769 1385 non
794 1344 999 1386 credentes
1017 1343 1233 1398 perdidit,
1266 1344 1437 1399 oenyelos
1458 1356 1616 1397 quoque

112 1412 185 1464 qui
216 1425 304 1453 non
334 1414 615 1454 seruauerunt
643 1412 831 1454 ordinem
858 1425 998 1462 suum,
1030 1412 1100 1455 sed
1120 1412 1430 1466 dereliquerunt
1451 1411 1614 1454 habita-

113 1480 254 1523 culum
284 1493 421 1531 suum,
454 1481 503 1523 in
532 1481 743 1523 iudicium
773 1482 920 1535 mayni
949 1481 1017 1523 dei
1055 1481 1244 1523 uinculis
1274 1494 1339 1523 eos
1369 1484 1614 1523 sanctorum

112 1549 358 1602 anqelorum
387 1549 462 1591 sub
492 1550 682 1592 tenebras
703 1551 906 1592 seruauit.
940 1549 1123 1594 Sodoma
1144 1551 1284 1591 autem
1309 1552 1347 1590 et
1371 1548 1613 1592 Gomorrha

61 1631 93 1655 20
112 1621 149 1659 et
179 1631 284 1670 quae
315 1618 429 1660 circa
458 1631 528 1660 eas
553 1621 677 1660 erant
707 1619 915 1672 ciuitates,
947 1618 1014 1660 his
1043 1617 1179 1660 simili
1209 1619 1331 1660 modo
1362 1631 1455 1659 cum
1485 1616 1610 1658 adul-

112 1687 264 1728 terium
294 1685 487 1739 fecissent
518 1689 555 1728 et
575 1700 746 1729 carnem
767 1690 928 1729 secutae
948 1689 1093 1740 essent,
1125 1686 1235 1729 cinis
1251 1686 1494 1739 propositae
1514 1688 1611 1727 sunt

111 1754 359 1807 exemplum,
392 1755 507 1808 iynis
538 1756 700 1797 aeterni
725 1769 908 1809 poenam
939 1755 1204 1798 sustinentes.
1237 1754 1439 1796 similiter
1472 1754 1614 1807 itaque

111 1827 145 1865 et
176 1824 247 1865 isti
267 1824 527 1866 somniantes
558 1837 730 1866 carnem
758 1824 925 1877 quidem
956 1823 1248 1877 coinquinant,
1280 1822 1611 1864 dominationem

111 1895 249 1934 autem
279 1894 497 1945 spernunt.
553 1892 594 1933 et
623 1891 754 1933 infra:
789 1905 869 1934 uae
899 1892 1002 1943 illis,
1034 1892 1237 1945 quoniam
1267 1891 1316 1932 in
1346 1890 1466 1932 uiam
1499 1889 1613 1933 Cain

60 1973 92 1998 2⁵
110 1961 303 2003 abierunt
319 1963 356 2002 et
373 1961 421 2002 in
437 1960 714 2002 seductionem
731 1959 853 2002 Baal
875 1959 1056 2001 mercede
1072 1959 1197 2011 effusi
1213 1961 1312 2000 sunt
1328 1961 1365 1999 et
1380 1958 1429 1999 in
1448 1960 1610 1999 contra-

109 2030 332 2071 dictionem
378 2028 502 2072 Coreb
539 2029 775 2082 perierunt.
836 2027 881 2069 hi
927 2030 1025 2069 sunt
1070 2027 1118 2068 in
1163 2026 1415 2069 caritatibus
1460 2026 1611 2068 uestris

111 2097 300 2139 maculae
337 2097 429 2139 sine
468 2098 615 2138 timore
658 2099 782 2138 semet
817 2097 926 2149 ipsos
965 2098 1161 2149 nmmos,
1210 2095 1336 2136 nubes
1375 2094 1466 2135 sine
1498 2107 1611 2146 aqua

111 2167 227 2207 omni
257 2169 380 2207 uento
421 2165 794 2218 circumferendae,
836 2163 1004 2205 arbores
1035 2163 1303 2204 autumnales
1333 2163 1423 2204 sine
1453 2162 1606 2215 fructu,

112 2237 300 2275 mortuae
321 2247 349 2274 a
381 2233 595 2275 radicibus
617 2233 800 2285 mulsae,
823 2233 977 2284 fluctus
998 2231 1150 2284 feroces
1172 2231 1320 2282 maris,
1353 2230 1606 2283 despuman-

59 2314 92 2339 3ο
112 2305 169 2344 tes
214 2301 501 2355 turpitudines
546 2313 669 2354 suaS‚
711 2300 925 2354 procellae
964 2300 1208 2350 seducentes,
1255 2299 1404 2352 quibus
1444 2301 1609 2350 tempus

246 2474 266 2506 ‘2
292 2472 365 2506 Iud.
393 2472 480 2506 1—3
577 2472 616 2504 14
645 2470 689 2505 ib.
717 2471 806 2504 :'›—8
900 2470 941 2503 24
969 2469 1016 2503 ib.
1043 2468 1177 2503 11—13

178 2624 197 2656 ὃ
222 2621 403 2666 prescribti
504 2622 524 2654 9
551 2619 791 2664 inpuditiciam
911 2619 947 2652 11
976 2617 1081 2651 fucrit
1110 2629 1127 2651 ι·
1230 2615 1271 2649 12
1296 2626 1490 2660 proponens
1516 2615 1609 2648 coni.

113 2680 340 2713 (iallandius
436 2678 478 2712 18
504 2677 664 2712 iuditium
691 2681 723 2711 ct
751 2677 802 2710 sic
828 2677 905 2718 fere
923 2687 1062 2719 semper
1157 2673 1227 2707 diei
1256 2673 1351 2707 Galle
1448 2673 1488 2706 19
1514 2675 1605 2706 tenc-

108 2736 178 2770 bris
204 2748 223 2770 v
317 2746 476 2779 gomorra
569 2735 612 2768 25
638 2734 741 2768 bahal
836 2734 878 2767 ‘26
905 2732 1039 2767 Choreb
1070 2743 1086 2766 ι·
1179 2731 1221 2764 28
1248 2729 1515 2763 circumferendo

108 2794 150 2827 29
176 2794 298 2827 ferocis
325 2793 428 2827 maris
454 2792 686 2836 dispumantis
715 2792 749 2826 V.
776 2791 905 2824 seroces
931 2802 974 2823 ιιι.
1001 2788 1232 2833 dispumantis
1261 2799 1296 2831 ι·;
1328 2799 1390 2821 em.
1421 2786 1514 2820 Gall.

176 2861 283 2896 XIIII.
