1934 3278
497 222 551 256 De
576 232 645 256 non
671 220 911 256 conueniendo
939 231 1015 255 culn
1040 221 1236 256 haereticis.
1567 223 1622 265 23

121 347 285 402 quando
315 348 419 389 haec
454 348 546 389 sitis
576 347 771 401 gerentes
803 360 909 402 quae
943 347 985 388 et
1013 346 1090 389 1111.
1123 347 1159 389 si
1179 347 1242 388 illi
1264 347 1432 389 fuerunt
1452 348 1620 389 unicum

120 417 322 470 negantes
355 416 422 458 dei
453 416 600 466 filium,
631 416 693 458 ita
721 416 862 458 facitis
894 416 936 458 et
965 428 1062 464 uos3
1112 416 1146 457 si
1186 415 1248 457 1111
1285 417 1494 470 persecuti
1527 418 1623 458 sunt

121 498 265 528 seruos
298 486 492 528 aeternae
525 485 775 528 clementiae
799 486 901 535 eius,
933 484 1230 539 persequimini
1253 485 1379 526 etiam
1401 497 1489 526 uos.
1523 485 1622 538 quid

119 554 247 607 igitur
279 555 519 608 oportuerat
550 566 623 596 nos
652 554 804 603 facere,
837 553 917 595 nisi
949 553 1180 595 secundum
1210 553 1324 595 Petri
1354 553 1467 595 beati
1497 565 1621 606 prae-

85 630 101 655 5
121 623 289 676 ceptum
319 622 614 664 recederemus
647 634 671 664 a
700 622 820 664 uobis
853 621 1100 675 sacrilegis?
1130 621 1241 663 unde
1274 621 1383 663 enim
1403 621 1623 663 uobiscum

118 691 286 744 poterat
316 691 569 733 conuenire?
600 703 696 732 cum
730 690 880 732 dixerit
912 690 1103 732 dominus
1133 690 1175 731 in
1199 690 1440 743 euangelio:
1474 690 1623 732 adten-

119 760 206 801 dite
235 760 352 801 uobis
383 774 411 800 a
440 760 643 813 fermento
674 759 1007 802 Pharisaeorum
1038 773 1143 812 quae
1174 762 1234 801 est
1263 759 1506 814 hypocrisis.

176 828 249 869 XI.
298 827 515 881 Quomodo
557 827 827 882 potueramus
865 827 908 869 in
947 840 1028 870 uno
1069 829 1192 870 esse?
1261 840 1357 870 cum
1398 827 1623 870 Corinthiis

121 895 308 938 scribens
340 896 490 938 dixerit
519 896 669 939 beatus
702 896 939 951 apostolus:
988 898 1159 939 omniuo
1197 897 1377 939 auditur
1404 897 1515 938 inter
1544 909 1620 938 uos

71 971 103 996 10
119 965 363 1020 fornicatio,
395 968 433 1007 et
466 965 564 1007 talis
592 966 821 1019 fornicatio
861 965 1001 1019 qualis
1040 979 1115 1008 nec
1146 966 1257 1008 inter
1284 969 1437 1021 yentes,
1488 967 1549 1006 ita
1578 967 1625 1007 ut

120 1047 293 1075 uxorem
306 1035 453 1087 patris
473 1034 632 1088 aliquis
652 1034 813 1087 habeat,
847 1037 887 1077 et
914 1047 989 1077 uos
1011 1034 1153 1087 inflati
1184 1035 1282 1076 estis
1312 1037 1349 1076 et
1379 1047 1465 1076 non
1480 1034 1626 1087 potius

122 1102 279 1145 luctum
311 1102 529 1158 habuistis,
568 1107 615 1145 ut
645 1103 856 1146 tolleretur
887 1118 906 1145 e
937 1103 1071 1145 medio
1102 1106 1287 1145 uestrum
1318 1103 1391 1155 qui
1422 1102 1493 1144 hoc
1525 1115 1628 1155 opus

121 1170 232 1223 fecit.
295 1171 330 1213 si
360 1171 489 1225 igitur
528 1172 740 1226 apostolus
778 1172 1019 1214 huiusmodi
1052 1184 1154 1226 opus
1187 1171 1428 1225 operantem
1458 1170 1629 1212 iusserit

120 1239 213 1281 tolli
246 1252 266 1281 e
306 1239 459 1291 medio,
507 1252 557 1282 ne
596 1239 799 1281 uidelicet
837 1252 911 1293 per
940 1239 1054 1281 illius
1087 1239 1335 1281 societatem
1368 1239 1500 1281 omnis
1532 1250 1626 1279 cor-

72 1322 104 1348 15
122 1308 385 1361 rumperetur
403 1308 596 1358 ecclesia,
609 1308 763 1361 quanto
780 1308 917 1361 magis
936 1307 1108 1361 dignum
1126 1307 1275 1358 fuerat,
1294 1321 1370 1350 uos
1386 1307 1627 1361 fugeremus

123 1377 419 1430 blasphemos?
452 1376 486 1418 si
516 1377 636 1418 illum
666 1377 893 1418 tradidisse
926 1378 1097 1420 satanae
1131 1378 1283 1428 narrat,
1316 1377 1470 1431 quanto
1491 1376 1627 1429 magis

122 1446 221 1487 tunc
254 1458 330 1487 uos
359 1445 445 1486 iam
472 1445 653 1487 traditos
678 1458 769 1487 esse
793 1446 900 1487 scire
925 1446 1101 1497 debetis,
1127 1446 1292 1500 quando
1317 1446 1383 1487 dei
1406 1444 1627 1498 coeperitis

124 1527 278 1568 negare
295 1514 457 1555 filium?
489 1527 558 1568 eqo
580 1514 749 1567 quidem
771 1515 877 1556 sicut
900 1515 1047 1557 absens
1064 1529 1245 1567 corpore,
1262 1527 1467 1568 praesens
1488 1517 1628 1555 autem

125 1585 283 1637 spiritu
313 1584 402 1624 iam
432 1583 628 1624 iudicaui
658 1585 705 1624 ut
732 1596 932 1635 praesens
963 1597 1055 1625 eum
1086 1585 1160 1636 qui
1190 1584 1250 1625 sic
1272 1585 1471 1636 operatas
1502 1582 1629 1623 estin

74 1653 296 1693 zonomine
326 1651 490 1693 domiui
522 1650 633 1702 Iesu,
667 1652 932 1705 conyreyatis
971 1652 1090 1694 uobis
1132 1655 1169 1694 et
1209 1653 1366 1705 spiritu
1405 1663 1504 1701 m60‚
1537 1663 1630 1692 eum

125 1720 283 1762 uirtute
313 1719 478 1762 domini
499 1719 635 1760 nostri
655 1718 754 1760 Iesu
774 1720 940 1761 tradere
960 1720 1202 1762 huiusmodi
1222 1720 1431 1762 hominem
1450 1722 1629 1760 satanae

125 1790 174 1830 in
213 1789 435 1831 interitum
475 1789 639 1840 carnis,
687 1791 732 1829 ut
778 1789 956 1841 spiritus
999 1790 1149 1832 saluus
1185 1790 1239 1832 sit
1274 1791 1322 1831 iri
1359 1790 1427 1832 die
1465 1788 1630 1830 domini

125 1860 260 1899 nostri
290 1858 390 1900 Iesu
424 1857 602 1900 Christi.
631 1857 741 1898 bona
770 1857 970 1913 gloriatio
991 1861 1147 1911 uestra,
1178 1859 1347 1901 nescitis
1368 1859 1472 1912 quia
1491 1857 1629 1898 modi-

126 1940 220 1968 cum
249 1926 499 1979 fermentum
538 1928 667 1967 totam
705 1939 891 1968 massam
933 1929 1179 1981 corrumpit.
1243 1929 1472 1982 expuryate
1511 1928 1631 1968 uetus

75 2012 108 2037 25
125 1995 391 2049 fermentum,
423 1997 471 2036 ut
499 1995 594 2036 sitis
615 2007 727 2035 noua
748 2000 1004 2048 consparsio,
1036 1999 1082 2037 ut
1102 1997 1201 2038 estis
1223 1997 1375 2051 azymi.
1407 1997 1511 2038 haec
1535 2006 1631 2036 cum

128 2063 182 2104 sit
210 2063 441 2118 increpatio
474 2062 667 2116 apostoli,
700 2063 893 2117 poterant
926 2064 1151 2107 Christiani
1183 2065 1416 2107 antichristi
1438 2062 1632 2117 coniungi

128 2132 292 2174 seruis?
315 2133 521 2186 quomodo
545 2133 655 2175 enim
677 2146 757 2175 non
779 2133 927 2176 fuisset
947 2134 1166 2188 corruptus
1185 2134 1328 2175 tantae
1347 2132 1633 2187 blasphemiae

128 2201 294 2242 uestrae
314 2201 500 2251 uenenis,
534 2202 886 2256 quandoquidem,
919 2203 1008 2244 siue
1039 2203 1080 2244 in
1112 2203 1318 2257 hypocrisi
1351 2203 1439 2244 siue
1463 2214 1510 2242 ex
1532 2212 1632 2241 uero

128 2269 221 2322 quis
252 2269 535 2311 communicet
565 2271 698 2321 uobis,
732 2271 786 2313 sit
815 2271 857 2312 in
887 2271 1045 2325 ingenti
1086 2271 1300 2324 periculo?
1339 2284 1433 2312 cum
1467 2269 1634 2323 propter

76 2337 335 2380 sohaeresim
366 2339 553 2380 uestram
585 2351 898 2381 secerneremur
931 2352 954 2381 a
985 2340 1117 2390 uobis,
1151 2339 1357 2393 quomodo
1379 2340 1529 2380 iterum
1555 2335 1632 2377 ad-

128 2406 301 2448 haerere
331 2407 635 2460 potueramus?
696 2420 791 2449 cum
833 2421 912 2449 uox
945 2408 1000 2450 sit
1031 2408 1208 2450 dicentis
1241 2406 1440 2461 apostoli:
1481 2406 1634 2457 scripsi

130 2475 245 2517 uobis
275 2477 324 2517 iri
355 2477 537 2529 epistula
568 2490 653 2518 non
684 2477 850 2519 misceri
881 2478 1145 2531 fornicariis,
1190 2491 1275 2519 non
1322 2477 1462 2529 utique
1492 2475 1632 2527 forni-

265 2600 286 2634 6
311 2600 392 2634 Luc.
421 2599 473 2641 12,
501 2600 517 2634 1
630 2602 651 2634 9
676 2600 692 2634 I
719 2600 796 2636 Cor.
823 2601 855 2642 5,
882 2601 911 2635 1.
938 2601 958 2634 2
1066 2601 1107 2635 18
1133 2599 1180 2634 ib.
1207 2599 1238 2636 5.
1265 2598 1354 2633 8—7
1460 2599 1498 2633 31
1530 2598 1576 2632 ib.
1604 2600 1634 2640 ἴ»,

127 2657 236 2690 9--11

197 2771 216 2804 7
240 2770 455 2816 hypochrisis
574 2773 615 2807 16
640 2772 810 2807 sathanae
930 2754 1034 2816 quazo
1144 2771 1182 2805 21
1213 2771 1382 2805 sathanae
1490 2770 1533 2803 25
1558 2780 1634 2803 con-

129 2827 259 2871 spersio
276 2838 296 2862 v
391 2829 492 2863 azimi
586 2828 630 2864 28
653 2831 821 2864 uaenenis
915 2829 1111 2874 hypochrisi
