1934 3278
601 213 832 248 uerborum
858 218 900 249 et
925 215 1216 251 locutionum.

119 347 265 381 operare
296 352 339 363 Ξ
372 348 504 381 operas
536 339 663 382 facere
696 338 715 374 Ι
745 339 800 379 30,
830 341 872 375 14

167 383 228 424 (ef.
253 383 431 425 Roenseh‚
460 386 504 419 It.
533 388 566 419 et
589 384 693 431 Vuly.
717 396 754 430 p.
774 388 871 423 2982

166 429 302 463 Blaect.
327 430 355 471 f.
382 429 416 464 d.
442 430 564 475 bayer.
596 430 725 476 Gymn.
751 431 877 466 XVII

119 476 463 564 opssieffsffi)inopia‚
495 521 659 564 miseriis,
693 522 809 556 usuris
836 522 875 556 II

165 566 221 607 ⁶20,
247 567 302 599 20.
327 566 383 606 22,
409 567 440 600 8.
466 566 520 607 24,
549 568 585 601 11

120 613 243 656 optato
278 625 324 641 =
361 622 404 645 επ
440 613 640 647 sententia:
677 623 733 647 rex
774 612 875 648 adest
905 641 907 649 ,

165 659 288 701 optato
313 657 350 692 11
379 658 432 697 12,
459 658 519 700 12,
544 659 592 701 cf.
618 663 804 693 comment.

118 713 207 747 opus
233 704 287 737 est
318 717 362 732 =
396 703 514 738 decet:
552 704 669 738 uerbis
695 714 782 748 opus
807 715 874 738 non

164 750 219 782 est
250 748 399 783 uisitare
431 750 660 793 (pauperem)
686 749 746 784 sed
771 750 874 784 bene-

165 794 273 828 factis
310 794 347 828 II
385 794 439 835 30,
481 795 533 829 12.
572 795 718 839 ignauia
756 796 874 839 pueris

170 850 258 883 opus
277 842 342 880 est,
369 851 437 874 non
462 843 554 875 certe
580 840 739 875 robustis
764 842 806 876 A.
831 842 876 876 69

120 895 220 919 orare
244 899 290 915 =
314 885 472 920 adorare
497 886 514 920 I
548 887 579 928 2,
614 887 647 921 6.
684 887 716 921 3.
752 887 805 920 15.
843 888 875 929 6,

167 932 220 965 19.
249 931 280 971 7,
305 931 337 965 2.
362 932 418 965 20.
444 932 475 974 8,
501 932 532 966 2.
559 933 593 967 8.
621 934 672 973 15,
698 933 730 966 5.
765 933 817 973 16,
842 934 874 967 5.

164 978 196 1013 6.
210 977 241 1011 8.
259 978 316 1018 41,
333 977 385 1011 14.
398 996 443 1003 -
456 978 534 1012 sine
547 978 682 1013 obiecto
694 991 740 1008 =
754 978 873 1013 beten:

164 1023 182 1057 Ι
208 1023 264 1065 25,
291 1023 344 1057 13.
369 1023 406 1058 II
431 1023 486 1065 32,
515 1024 568 1060 10.
593 1024 649 1065 38,
677 1025 707 1057 1.
733 1024 765 1058 3.
790 1024 813 1059 4

117 1069 232 1104 oratio
257 1083 301 1099 =
329 1068 458 1103 Gebet:
485 1069 610 1104 domus
636 1069 809 1103 orationis
836 1070 872 1105 II

163 1115 218 1154 35,
254 1114 296 1148 13
321 1114 447 1158 (bibl.).
471 1116 669 1150 orationem
697 1115 808 1149 facere
835 1116 871 1150 II

117 1206 231 1239 orbis:
265 1215 360 1239 mors
385 1206 540 1240 intrauit
564 1206 601 1240 in
627 1207 746 1241 orbem
774 1207 791 1241 Ι
817 1208 872 1246 35,

165 1251 184 1284 7
211 1252 335 1296 (ὀίω).
362 1251 541 1286 adclamat
567 1277 596 1286 ..
621 1252 658 1286 in
690 1253 808 1287 orbem
835 1253 873 1287 II

163 1297 194 1338 2,
213 1298 245 1332 4.
271 1297 505 1332 declamasset
529 1298 566 1331 in
585 1300 703 1332 orbem
723 1299 759 1333 11
781 1299 832 1339 15,
852 1300 872 1332 3

117 1342 280 1377 ordinare
296 1356 341 1372 =
358 1343 566 1377 instituere:
585 1344 767 1379 ordinasse
783 1344 873 1377 talia

167 1390 351 1423 Summum
371 1391 412 1422 A.
430 1389 485 1423 55.
503 1390 532 1422 si
551 1400 620 1424 non
639 1390 872 1435 Omnipotens

163 1434 364 1469 ordinasset
389 1437 471 1469 ante
496 1435 538 1468 de
563 1435 666 1469 nobis
691 1437 733 1470 A.
758 1435 826 1470 288

116 1481 218 1515 ordo:
244 1481 396 1514 tortoris
421 1481 505 1514 ordo
524 1481 541 1515 Ι
559 1481 615 1523 24,
641 1481 696 1515 23.
721 1482 872 1526 quadra-

165 1576 206 1606 αι
232 1576 426 1607 consuerat
444 1571 472 1615 .9)
498 1572 585 1606 fecit
610 1574 652 1607 A.
677 1573 741 1606 571

163 1709 321 1744 berichte
346 1709 462 1744 CVII
482 1720 516 1752 p.
545 1711 630 1752 768)

117 1765 175 1789 os:
203 1755 365 1790 doctores
390 1765 451 1788 ora
469 1755 687 1799 procludunt
705 1755 742 1790 11
764 1756 815 1795 16,
834 1756 874 1789 15
904 1770 907 1805 ³,

163 1849 211 1880 31
227 1846 307 1883 D2.)
326 1857 364 1879 os
381 1846 513 1880 laceras
532 1846 638 1886 1132,
657 1803 876 1889 &Cf-1203&
905 1835 907 1852 ³

164 1801 225 1843 (es.
253 1802 404 1846 Auyusc.
431 1802 500 1834 ciu.
520 1801 595 1835 Dei
620 1801 691 1835 uol.
719 1802 740 1834 Ι

163 1896 244 1926 met.
259 1892 328 1926 XI
344 1894 443 1935 726).
462 1893 675 1926 frustrantes
692 1893 727 1925 in
748 1902 805 1926 ore
823 1895 878 1935 (=

164 1939 205 1972 in
229 1948 269 1973 os
292 1937 544 1983 inlude-ntes?)
569 1938 611 1971 A.
639 1938 718 1972 505.
754 1937 877 1971 infelix

163 1986 219 2017 est
243 1983 314 2024 ille,
346 1984 406 2027 qui
434 1985 571 2017 uenerit
589 1983 661 2017 illis
687 1984 723 2017 in
749 1994 808 2018 ore
835 1985 877 2018 A.

163 2029 242 2063 595.
267 2028 321 2063 illi
347 2031 475 2063 tonant
499 2039 558 2063 ore
582 2030 625 2063 A.
650 2030 718 2064 598

119 2074 258 2108 ossibus
269 2075 368 2109 cuius
377 2085 474 2108 amor
484 2074 702 2109 Cassandrae
711 2074 877 2118 flagrauit
906 2086 908 2094 ¹

165 2120 182 2154 I
213 2121 266 2162 11,
291 2120 325 2154 6.
349 2120 472 2164 (Vera.
505 2120 636 2165 Geory.
663 2120 733 2154 111
755 2121 855 2161 258.)

115 2167 235 2200 ostare
274 2180 318 2195 =
353 2175 486 2205 arcere,
526 2166 742 2211 srancoyall.
781 2165 874 2199 oter:

164 2211 304 2246 induite
322 2214 450 2253 uestes,
477 2222 565 2256 quas
583 2214 733 2255 oportet,
758 2210 874 2255 frigus
905 2247 906 2254 ἵ

164 2260 205 2291 ut
230 2259 350 2292 ostent
375 2257 409 2291 11
440 2257 492 2294 18,
521 2258 573 2291 15.
608 2257 755 2300 (Blaett.
782 2257 808 2298 f.
840 2256 873 2290 d.
904 2281 906 2312 3

163 2303 284 2348 bayer.
314 2303 446 2347 Gymn.
474 2302 579 2336 XVI
598 2313 631 2345 p.
660 2304 759 2342 349.)

118 2353 266 2383 ouantes
292 2363 335 2378 =
363 2348 575 2389 uictoresff)
603 2347 640 2382 II
666 2348 721 2389 20,
748 2350 769 2382 5

117 2405 337 2440 oxymoron:
379 2394 432 2428 lex
470 2394 545 2427 sine
582 2393 703 2437 legeI
744 2394 775 2433 7,
818 2394 873 2428 18.

163 2440 372 2474 biothanati
400 2439 415 2474 I
437 2440 491 2482 14,
517 2440 550 2474 8.
577 2441 692 2473 morte
710 2440 874 2473 uiuentes

163 2486 180 2520 I
205 2486 262 2528 36,
289 2487 320 2521 5.
347 2495 443 2519 sacra
468 2485 643 2529 sacrilega
668 2485 709 2520 A.
738 2484 807 2519 680

117 2565 320 2611 Pacifieum
348 2575 450 2610 redde
476 2578 511 2609 te
536 2576 673 2610 cunctis
700 2575 733 2609 11
759 2575 815 2613 22,
843 2575 874 2609 7.
903 2587 905 2598 ⁴

164 2621 331 2656 ducatum
352 2621 535 2666 pacificum
552 2625 732 2665 praestare
751 2623 791 2655 A.
806 2621 875 2655 970

118 2668 304 2711 paenitens
329 2682 372 2698 =
399 2668 539 2702 Rv'a'sser
572 2667 609 2701 11
643 2669 665 2701 8
698 2667 808 2701 inser.
843 2671 874 2700 et
903 2678 905 2684 ⁴

117 2714 244 2802 palurna1
262 2759 434 2793 uictoriae
453 2758 608 2792 donatus
626 2758 663 2792 II
684 2758 737 2798 17,
759 2758 813 2792 18.
831 2777 874 2782 -

163 2814 365 2839 =manu31
385 2804 616 2848 maxillasque
634 2814 731 2837 meas
747 2803 874 2847 palmis

165 2849 342 2884 feriendas
378 2850 511 2894 iniquis
549 2848 693 2893 praebui
732 2851 773 2883 A.
807 2848 874 2883 355

902 1359 909 1406 l

903 2441 906 2463 Ι

1607 222 1690 264 229

982 341 1103 421 {bibax
1130 342 1266 386 palmas
1298 342 1372 378 Deo
1404 344 1532 389 dignas
1565 345 1691 390 ligatis

936 387 1101 512 ΡἫΞΊΕΞΞΞ,
1124 389 1172 476 (195)
1201 447 1246 464 =
1279 434 1470 477 eoeplieare,
1508 445 1691 480 exponere

904 542 906 563 3
932 523 1205 566 parallelismus
1242 528 1276 559 et
1313 525 1512 560 chiae-mus.-
1549 526 1688 561 Esaiam

982 573 1129 610 serrant,
1156 569 1320 614 lapidant
1336 570 1550 605 Hieremiam
1570 574 1691 613 erecti,

982 614 1178 649 Iohannem
1211 615 1399 657 decollant,
1432 617 1600 661 iugulant
1625 617 1689 652 Za-

982 659 1138 694 chariam
1165 660 1209 694 ad
1234 671 1313 695 aras
1339 663 1380 696 A.
1406 661 1471 695 221
1499 672 1552 706 sq.

938 706 1154 750 paralyticus
1179 707 1220 740 A.
1245 706 1312 740 649

933 752 1131 794 paratam
1156 762 1230 795 pro
1253 752 1448 796 hypotaxi:
1485 753 1628 787 sortiris
1653 778 1684 786 ..

982 797 1153 839 extincta,
1191 808 1297 831 aurea
1333 798 1475 842 quaeris
1501 799 1516 833 1
1542 799 1598 840 34,
1634 800 1688 833 13.

983 853 1025 877 ne
1043 842 1203 877 dubites:
1220 843 1388 887 quicquid
1406 844 1562 888 petieris,
1581 844 1688 878 datur

982 888 1098 968 {ratgti
1125 888 1143 923 I
1160 889 1215 930 38,
1240 890 1273 923 4.
1301 899 1410 933 spero,
1444 900 1523 923 reus
1551 900 1617 924 non
1635 895 1689 924 est

937 981 1102 1023 paratus:
1133 978 1176 1013 de
1202 979 1330 1023 ubique
1354 979 1488 1024 paratis
1506 994 1548 1010 =
1567 980 1610 1014 de
1634 981 1691 1021 iis,

981 1026 1046 1069 qui
1069 1025 1173 1059 modo
1198 1026 1328 1069 gentili
1350 1025 1455 1059 modo
1486 1025 1691 1060 Christiarw

980 1081 1078 1105 more
1102 1071 1230 1104 uiuere
1254 1071 1386 1105 uolunt
1411 1071 1428 1105 I
1454 1071 1498 1105 23
1523 1072 1631 1106 inser.
1658 1076 1691 1107 et

981 1127 1016 1150 u.
1056 1116 1088 1150 2.
1126 1135 1170 1141 -
1200 1129 1246 1146 =
1276 1121 1402 1160 aptus:
1442 1118 1583 1151 matura
1620 1119 1689 1151 iam

981 1161 1276 1241 {ngssisktempus
1290 1162 1511 1206 totidemque
1526 1165 1690 1206 paratum

1047 1208 1078 1250 5,

936 1263 1075 1297 parcere
1111 1267 1154 1282 =
1187 1253 1295 1287 nimis
1331 1252 1538 1298 indulgere:
1575 1253 1689 1298 legem

982 1298 1077 1333 datis
1095 1298 1188 1339 istis,
1214 1308 1294 1332 nam
1316 1298 1415 1332 uobis
1432 1299 1579 1342 parcitis
1604 1299 1690 1344 ipsis

982 1344 998 1378 I
1024 1344 1080 1386 30,
1108 1344 1160 1378 12.
1188 1346 1228 1378 tu
1246 1343 1316 1377 tibi
1341 1368 1348 1375 .
1364 1369 1371 1376 .
1394 1344 1431 1378 in
1450 1344 1591 1378 delictis
1610 1355 1690 1389 par·

981 1401 1057 1424 cere
1082 1389 1154 1423 noli
1172 1389 1210 1423 II
1232 1390 1284 1431 12,
1303 1389 1358 1423 15.
1374 1408 1419 1415 —
1432 1403 1477 1419 =
1490 1389 1690 1425 abstinere:

982 1437 1064 1469 uino
1089 1436 1226 1479 copioso
1251 1445 1353 1478 parce
1378 1435 1415 1469 II
1441 1435 1496 1474 22,
1522 1437 1543 1470 5

935 1492 1040 1525 parca
1064 1479 1212 1525 bipinne
1247 1481 1362 1523 (dorsa
1387 1490 1451 1515 sua
1475 1480 1644 1523 allidunt)
1671 1480 1689 1515 I

165 1526 270 1570 ginta
295 1526 370 1560 dies
396 1537 473 1560 cum
501 1526 576 1560 illis
601 1537 640 1560 ex
667 1527 788 1561 ordine
815 1530 871 1570 (ε
903 1545 905 1572 ;

985 1527 1036 1567 17,
1063 1527 1085 1560 8

904 1587 905 1596 1
938 1579 1056 1616 parere
1073 1586 1117 1601 =
1141 1581 1351 1615 conparere,
1377 1581 1575 1615 apparere:
1603 1571 1689 1612 113,

119 1617 505 1658 ornare=ordinare,
531 1628 754 1662 conponere:
771 1628 874 1652 ornas
903 1624 906 1648 τ

171 1690 178 1697 .
194 1690 202 1697 .
225 1663 406 1698 cincinnos
434 1663 471 1697 II
491 1665 544 1706 18,
565 1665 587 1699 5
604 1664 667 1707 (ef.
683 1664 873 1709 Sitzunys—
904 1675 905 1682 ¹

984 1619 1034 1653 15.
1079 1618 1131 1658 17,
1172 1619 1223 1652 11.
1256 1617 1312 1659 25,
1347 1617 1379 1651 8.
1416 1620 1457 1650 Α.
1494 1617 1572 1651 279.
1613 1618 1691 1651 298.

981 1663 1060 1697 474.
1086 1684 1129 1688 -
1154 1677 1198 1692 =
1221 1663 1407 1697 subditum
1432 1672 1520 1697 esse:
1548 1662 1690 1698 Christo

982 1709 1074 1743 sicut
1098 1709 1240 1743 Caesari
1268 1719 1366 1752 pares
1391 1708 1427 1742 11
1455 1709 1508 1749 11,
1532 1708 1555 1742 4

936 1755 1069 1799 pariter
1094 1769 1139 1784 =
1163 1755 1242 1788 umi
1268 1753 1285 1788 I
1310 1754 1366 1795 41,
1393 1753 1448 1787 20.
1475 1753 1513 1787 II
1539 1754 1572 1795 2,
1590 1753 1622 1787 6.
1648 1753 1691 1787 A.

984 1801 1062 1834 799.
1087 1801 1163 1836 939.
1192 1800 1259 1833 978

937 1845 1116 1925 ραῗίοέἓὲ
1143 1855 1284 1879 suorum
1321 1844 1338 1878 Ι
1364 1845 1397 1887 6,
1430 1844 1485 1878 25.
1518 1854 1549 1888 p.
1577 1842 1691 1887 patris

938 1948 1036 1982 pars:
1069 1947 1107 1971 ex
1143 1936 1214 1970 alia
1240 1939 1338 1980 parte
1363 1949 1408 1965 =
1432 1938 1571 1976 contra,
1597 1930 1644 1966 αὖ
1671 1934 1689 1968 I

981 1983 1036 2024 22,
1065 1984 1117 2017 11.
1145 2001 1185 2007 -
1211 1985 1314 2016 erant
1340 1982 1375 2015 in
1401 1983 1501 2024 parte
1519 1980 1628 2023 legati
1646 1993 1691 2008 =

978 2029 1184 2072 participes
1201 2028 1319 2072 legati,
1345 2026 1492 2061 heredes
1518 2037 1563 2060 ex
1583 2029 1691 2069 parte

983 2076 1025 2109 Α.
1050 2074 1130 2108 740.
1145 2092 1189 2099 -
1206 2087 1249 2104 =
1267 2073 1402 2112 στάσις,
1429 2071 1582 2114 aflorum:
1599 2070 1691 2104 alius

983 2121 1017 2154 in
1046 2122 1145 2163 parte
1170 2119 1305 2153 secedit
1330 2118 1367 2153 11
1397 2118 1449 2158 11,
1478 2116 1510 2150 2.
1542 2115 1690 2150 subdola

983 2177 1067 2209 gens
1093 2191 1122 2197 ..
1147 2165 1248 2198 tollit
1281 2175 1316 2198 se
1348 2164 1383 2197 in
1411 2165 1509 2206 parte
1535 2162 1550 2195 I
1577 2161 1633 2202 28,
1656 2161 1690 2196 4.

981 2211 1120 2252 (Lucis.
1153 2210 1273 2244 Calar.
1300 2220 1337 2253 p.
1364 2210 1448 2248 122,
1481 2209 1505 2241 3
1536 2207 1613 2249 H).
1647 2225 1688 2231 —

981 2270 1025 2335 ff
1048 2256 1169 2335 ἷερέιέε
1195 2257 1230 2290 in
1255 2260 1392 2299 partem
1412 2253 1539 2287 Boreae
1556 2252 1690 2295 refugit

904 2368 906 2387 ,ψ
936 2348 1111 2391 particeps
1136 2361 1178 2376 =
1203 2346 1319 2380 socius
1344 2345 1386 2378 A.
1411 2343 1489 2377 697.
1515 2342 1580 2377 871

904 2414 905 2430 2
932 2393 1171 2436 participium
1194 2402 1262 2435 pro
1287 2391 1397 2425 uerbo
1412 2390 1537 2432 finito:
1561 2387 1621 2422 aed
1639 2387 1688 2421 sic

981 2439 1084 2482 quasi
1134 2437 1274 2471 beateus
1314 2446 1434 2470 errans
1471 2434 1488 2468 I
1526 2433 1590 2474 34,
1632 2433 1686 2484 17.

983 2486 1127 2517 flamma
1152 2484 1271 2516 tamen
1328 2481 1422 2515 entis
1440 2479 1559 2514 media
1577 2482 1689 2522 parti-

980 2531 1087 2573 taque
1112 2538 1254 2562 seruans
1280 2493 1325 2561 If
1342 2527 1375 2567 2,
1394 2526 1448 2560 16.
1466 2525 1625 2559 laxantes
1641 2525 1688 2567 (Ρ)

980 2573 1124 2618 singula
1165 2573 1266 2607 uobis
1304 2572 1340 2606 ΙΙ
1382 2572 1434 2611 16,
1471 2572 1506 2604 2.
1545 2579 1687 2603 rursum

981 2620 1146 2653 uiuentes
1165 2620 1199 2652 in
1217 2628 1301 2652 aeuo
1320 2617 1356 2652 11
1375 2617 1430 2656 39,
1451 2616 1503 2650 14.
1533 2617 1569 2649 et
1585 2625 1688 2665 nemo

938 2670 941 2672 '
981 2664 1116 2699 sciebat
1158 2664 1352 2698 Dominum
1415 2662 1592 2704 aseimque
1633 2670 1686 2693 ui-

980 2713 1104 2744 uentes
1130 2711 1172 2745 A.
1188 2710 1244 2744 46.
1271 2710 1305 2742 in
1331 2718 1386 2742 sce
1403 2719 1460 2742 ere
1477 2707 1592 2749 coepit
1610 2715 1687 2739 uer-

981 2756 1054 2790 sari
1091 2766 1176 2800 gens
1208 2754 1323 2788 omnis
1356 2754 1511 2787 humana
1544 2761 1605 2784 nec
1635 2761 1686 2783 re-

981 2801 1183 2845 spicientes,
1209 2801 1289 2845 quis
1307 2803 1398 2833 esset
1415 2799 1550 2833 creator
1567 2805 1684 2830 eorum

981 2848 1021 2880 A.
1051 2848 1115 2881 158
1147 2856 1198 2890 sq.
1231 2845 1291 2890 qui
1329 2845 1455 2879 scelere
1493 2841 1586 2876 facto
1617 2850 1687 2874 non
