<?xml version="1.0" encoding="UTF-8"?>
<!DOCTYPE html PUBLIC "-//W3C//DTD XHTML 1.0 Transitional//EN"
    "http://www.w3.org/TR/xhtml1/DTD/xhtml1-transitional.dtd">
<html xmlns="http://www.w3.org/1999/xhtml" xml:lang="en" lang="en">
 <head>
  <title>
</title>
<meta http-equiv="Content-Type" content="text/html;charset=utf-8" />
  <meta name='ocr-system' content='tesseract 3.04.00' />
  <meta name='ocr-capabilities' content='ocr_page ocr_carea ocr_par ocr_line ocrx_word'/>
</head>
<body>
  <div class='ocr_page' id='page_1' title='image "./corpusscriptorum14luciuoft_0194.png"; bbox 0 0 1934 3278; ppageno 0'>
   <div class='ocr_carea' id='block_1_1' title="bbox 306 218 1161 262">
    <p class='ocr_par' dir='ltr' id='par_1_1' title="bbox 306 218 1161 262">
     <span class='ocr_line' id='line_1_1' title="bbox 306 218 1161 262; baseline -0.013 0"><span class='ocrx_word' id='word_1_1' title='bbox 306 220 387 262; x_wconf 80' lang='lat'>142</span> <span class='ocrx_word' id='word_1_2' title='bbox 962 218 1161 253; x_wconf 79' lang='lat' dir='ltr'><strong>Luciferi</strong></span> 
     </span>
    </p>
   </div>
   <div class='ocr_carea' id='block_1_2' title="bbox 306 345 1811 605">
    <p class='ocr_par' dir='ltr' id='par_1_2' title="bbox 306 345 1811 605">
     <span class='ocr_line' id='line_1_2' title="bbox 306 345 1811 397; baseline 0.001 -10"><span class='ocrx_word' id='word_1_3' title='bbox 306 350 436 388; x_wconf 77' lang='lat' dir='ltr'>tuam.</span> <span class='ocrx_word' id='word_1_4' title='bbox 472 346 510 387; x_wconf 80' lang='lat' dir='ltr'>si</span> <span class='ocrx_word' id='word_1_5' title='bbox 540 346 700 388; x_wconf 70' lang='lat' dir='ltr'>uideris</span> <span class='ocrx_word' id='word_1_6' title='bbox 729 345 905 395; x_wconf 76' lang='lat' dir='ltr'>nudum,</span> <span class='ocrx_word' id='word_1_7' title='bbox 937 345 1052 397; x_wconf 72' lang='lat' dir='ltr'>operi</span> <span class='ocrx_word' id='word_1_8' title='bbox 1082 348 1121 386; x_wconf 75' lang='lat' dir='ltr'>et</span> <span class='ocrx_word' id='word_1_9' title='bbox 1150 345 1389 387; x_wconf 70' lang='lat' dir='ltr'>domesticos</span> <span class='ocrx_word' id='word_1_10' title='bbox 1418 346 1590 388; x_wconf 73' lang='lat' dir='ltr'>sem-inis</span> <span class='ocrx_word' id='word_1_11' title='bbox 1628 348 1693 389; x_wconf 73' lang='lat' dir='ltr'>tui</span> <span class='ocrx_word' id='word_1_12' title='bbox 1723 347 1811 389; x_wconf 74' lang='lat' dir='ltr'>noli</span> 
     </span>
     <span class='ocr_line' id='line_1_3' title="bbox 307 414 1808 468; baseline -0.001 -11"><span class='ocrx_word' id='word_1_13' title='bbox 307 416 526 468; x_wconf 77' lang='lat' dir='ltr'><em>despicere.</em></span> <span class='ocrx_word' id='word_1_14' title='bbox 593 427 718 468; x_wconf 90' lang='lat' dir='ltr'>quam</span> <span class='ocrx_word' id='word_1_15' title='bbox 749 415 880 462; x_wconf 77' lang='lat' dir='ltr'>tenes,</span> <span class='ocrx_word' id='word_1_16' title='bbox 920 426 992 455; x_wconf 83' lang='lat' dir='ltr'>rex</span> <span class='ocrx_word' id='word_1_17' title='bbox 1029 414 1365 467; x_wconf 74' lang='lat' dir='ltr'>prudentissime,</span> <span class='ocrx_word' id='word_1_18' title='bbox 1405 427 1535 468; x_wconf 85' lang='lat' dir='ltr'>spem,</span> <span class='ocrx_word' id='word_1_19' title='bbox 1580 428 1674 456; x_wconf 90' lang='lat' dir='ltr'>cum</span> <span class='ocrx_word' id='word_1_20' title='bbox 1706 416 1808 457; x_wconf 89' lang='lat' dir='ltr'>haec</span> 
     </span>
     <span class='ocr_line' id='line_1_4' title="bbox 308 482 1811 535; baseline 0 -11"><span class='ocrx_word' id='word_1_21' title='bbox 308 483 450 525; x_wconf 90' lang='lat' dir='ltr'>omnia</span> <span class='ocrx_word' id='word_1_22' title='bbox 479 483 656 524; x_wconf 86' lang='lat' dir='ltr'>uerteris</span> <span class='ocrx_word' id='word_1_23' title='bbox 688 484 728 524; x_wconf 92' lang='lat' dir='ltr'>in</span> <span class='ocrx_word' id='word_1_24' title='bbox 761 482 1042 523; x_wconf 74' lang='lat' dir='ltr'>contrarium?</span> <span class='ocrx_word' id='word_1_25' title='bbox 1089 483 1295 535; x_wconf 90' lang='lat' dir='ltr'>quomodo</span> <span class='ocrx_word' id='word_1_26' title='bbox 1329 483 1437 524; x_wconf 91' lang='lat' dir='ltr'>enim</span> <span class='ocrx_word' id='word_1_27' title='bbox 1470 496 1633 525; x_wconf 88' lang='grc'><strong>0111116111</strong></span> <span class='ocrx_word' id='word_1_28' title='bbox 1656 483 1811 524; x_wconf 83' lang='grc'><strong>1101111111</strong></span> 
     </span>
     <span class='ocr_line' id='line_1_5' title="bbox 310 551 1810 605; baseline -0.001 -11"><span class='ocrx_word' id='word_1_29' title='bbox 310 553 474 595; x_wconf 89' lang='lat' dir='ltr'>soluisti</span> <span class='ocrx_word' id='word_1_30' title='bbox 495 552 740 605; x_wconf 82' lang='lat' dir='ltr'>iniquitatis,</span> <span class='ocrx_word' id='word_1_31' title='bbox 774 563 870 592; x_wconf 90' lang='lat' dir='ltr'>cum</span> <span class='ocrx_word' id='word_1_32' title='bbox 902 551 990 591; x_wconf 89' lang='lat' dir='ltr'>siue</span> <span class='ocrx_word' id='word_1_33' title='bbox 1021 551 1318 592; x_wconf 74' lang='lat' dir='ltr'>incredulitate</span> <span class='ocrx_word' id='word_1_34' title='bbox 1339 552 1413 593; x_wconf 91' lang='lat' dir='ltr'>tua</span> <span class='ocrx_word' id='word_1_35' title='bbox 1435 552 1602 604; x_wconf 90' lang='lat' dir='ltr'>qualem</span> <span class='ocrx_word' id='word_1_36' title='bbox 1622 552 1664 593; x_wconf 91' lang='lat' dir='ltr'>te</span> <span class='ocrx_word' id='word_1_37' title='bbox 1687 551 1810 592; x_wconf 89' lang='lat' dir='ltr'>insti-</span> 
     </span>
    </p>
   </div>
   <div class='ocr_carea' id='block_1_3' title="bbox 307 620 1866 675">
    <p class='ocr_par' dir='ltr' id='par_1_3' title="bbox 307 620 1866 675">
     <span class='ocr_line' id='line_1_6' title="bbox 307 620 1866 675; baseline 0 -12"><span class='ocrx_word' id='word_1_38' title='bbox 307 621 440 663; x_wconf 88' lang='lat' dir='ltr'>tueris</span> <span class='ocrx_word' id='word_1_39' title='bbox 474 621 698 662; x_wconf 89' lang='lat' dir='ltr'>aduersum</span> <span class='ocrx_word' id='word_1_40' title='bbox 731 633 805 661; x_wconf 89' lang='lat' dir='ltr'>nos</span> <span class='ocrx_word' id='word_1_41' title='bbox 845 620 900 662; x_wconf 90' lang='lat' dir='ltr'>sis</span> <span class='ocrx_word' id='word_1_42' title='bbox 939 620 1038 661; x_wconf 86' lang='lat' dir='ltr'>talis</span> <span class='ocrx_word' id='word_1_43' title='bbox 1070 633 1318 673; x_wconf 78' lang='lat' dir='ltr'>permanens</span> <span class='ocrx_word' id='word_1_44' title='bbox 1352 621 1394 662; x_wconf 91' lang='lat' dir='ltr'>et</span> <span class='ocrx_word' id='word_1_45' title='bbox 1424 622 1560 675; x_wconf 85' lang='lat' dir='ltr'>magis</span> <span class='ocrx_word' id='word_1_46' title='bbox 1591 622 1810 675; x_wconf 82' lang='lat' dir='ltr'>magisque</span> <span class='ocrx_word' id='word_1_47' title='bbox 1850 629 1866 653; x_wconf 72' lang='lat'>‹⁷›</span> 
     </span>
    </p>
   </div>
   <div class='ocr_carea' id='block_1_4' title="bbox 307 689 1817 1980">
    <p class='ocr_par' dir='ltr' id='par_1_4' title="bbox 307 689 1817 1980">
     <span class='ocr_line' id='line_1_7' title="bbox 308 689 1811 743; baseline -0.001 -11"><span class='ocrx_word' id='word_1_48' title='bbox 308 691 366 732; x_wconf 88' lang='lat' dir='ltr'>sis</span> <span class='ocrx_word' id='word_1_49' title='bbox 399 702 591 731; x_wconf 83' lang='lat' dir='ltr'>crescens</span> <span class='ocrx_word' id='word_1_50' title='bbox 624 690 663 730; x_wconf 89' lang='lat' dir='ltr'>in</span> <span class='ocrx_word' id='word_1_51' title='bbox 696 689 996 731; x_wconf 89' lang='lat' dir='ltr'>maleuolentia</span> <span class='ocrx_word' id='word_1_52' title='bbox 1026 689 1101 730; x_wconf 90' lang='lat' dir='ltr'>tua</span> <span class='ocrx_word' id='word_1_53' title='bbox 1134 690 1186 731; x_wconf 92' lang='lat' dir='ltr'>ad</span> <span class='ocrx_word' id='word_1_54' title='bbox 1218 702 1292 731; x_wconf 90' lang='lat' dir='ltr'>nos</span> <span class='ocrx_word' id='word_1_55' title='bbox 1315 689 1626 743; x_wconf 89' lang='lat' dir='ltr'>disperdendos,</span> <span class='ocrx_word' id='word_1_56' title='bbox 1661 690 1749 731; x_wconf 90' lang='lat' dir='ltr'>siue</span> <span class='ocrx_word' id='word_1_57' title='bbox 1771 690 1811 730; x_wconf 90' lang='lat' dir='ltr'>in</span> 
     </span>
     <span class='ocr_line' id='line_1_8' title="bbox 310 758 1812 812; baseline 0 -12"><span class='ocrx_word' id='word_1_58' title='bbox 310 759 572 812; x_wconf 87' lang='lat' dir='ltr'>blasphemia</span> <span class='ocrx_word' id='word_1_59' title='bbox 601 759 675 799; x_wconf 89' lang='lat' dir='ltr'>tua</span> <span class='ocrx_word' id='word_1_60' title='bbox 708 759 852 799; x_wconf 90' lang='lat' dir='ltr'>auctor</span> <span class='ocrx_word' id='word_1_61' title='bbox 883 758 1094 811; x_wconf 86' lang='lat' dir='ltr'>sacrilegii</span> <span class='ocrx_word' id='word_1_62' title='bbox 1126 758 1311 800; x_wconf 87' lang='lat' dir='ltr'>creueris</span> <span class='ocrx_word' id='word_1_63' title='bbox 1343 759 1478 812; x_wconf 87' lang='lat' dir='ltr'>magis</span> <span class='ocrx_word' id='word_1_64' title='bbox 1516 758 1641 800; x_wconf 86' lang='lat' dir='ltr'>etiam</span> <span class='ocrx_word' id='word_1_65' title='bbox 1675 759 1812 800; x_wconf 90' lang='lat' dir='ltr'>edicto</span> 
     </span>
     <span class='ocr_line' id='line_1_9' title="bbox 308 825 1812 880; baseline -0.001 -11"><span class='ocrx_word' id='word_1_66' title='bbox 308 828 612 880; x_wconf 86' lang='lat' dir='ltr'>blasphemiam</span> <span class='ocrx_word' id='word_1_67' title='bbox 653 828 770 867; x_wconf 82' lang='lat' dir='ltr'>tuam</span> <span class='ocrx_word' id='word_1_68' title='bbox 811 826 1061 868; x_wconf 71' lang='lat' dir='ltr'>catholicam</span> <span class='ocrx_word' id='word_1_69' title='bbox 1106 839 1197 868; x_wconf 86' lang='lat' dir='ltr'>esse</span> <span class='ocrx_word' id='word_1_70' title='bbox 1239 827 1469 868; x_wconf 87' lang='lat' dir='ltr'>adserendo</span> <span class='ocrx_word' id='word_1_71' title='bbox 1511 825 1651 876; x_wconf 91' lang='lat' dir='ltr'>fidem,</span> <span class='ocrx_word' id='word_1_72' title='bbox 1698 839 1812 868; x_wconf 88' lang='lat' dir='ltr'>more</span> 
     </span>
     <span class='ocr_line' id='line_1_10' title="bbox 308 896 1812 949; baseline 0.001 -12"><span class='ocrx_word' id='word_1_73' title='bbox 308 896 474 937; x_wconf 89' lang='lat' dir='ltr'>scilicet</span> <span class='ocrx_word' id='word_1_74' title='bbox 504 896 784 945; x_wconf 76' lang='lat' dir='ltr'>meretricum,</span> <span class='ocrx_word' id='word_1_75' title='bbox 819 908 925 948; x_wconf 89' lang='lat' dir='ltr'>quae</span> <span class='ocrx_word' id='word_1_76' title='bbox 957 896 1089 949; x_wconf 89' lang='lat' dir='ltr'>primo</span> <span class='ocrx_word' id='word_1_77' title='bbox 1122 896 1231 937; x_wconf 89' lang='lat' dir='ltr'>clam</span> <span class='ocrx_word' id='word_1_78' title='bbox 1266 896 1513 947; x_wconf 68' lang='lat' dir='ltr'>scortentur,</span> <span class='ocrx_word' id='word_1_79' title='bbox 1546 897 1692 949; x_wconf 88' lang='lat' dir='ltr'>postea</span> <span class='ocrx_word' id='word_1_80' title='bbox 1713 909 1812 938; x_wconf 90' lang='lat' dir='ltr'>uero</span> 
     </span>
     <span class='ocr_line' id='line_1_11' title="bbox 307 964 1814 1017; baseline -0.001 -11"><span class='ocrx_word' id='word_1_81' title='bbox 307 965 369 1006; x_wconf 89' lang='lat' dir='ltr'>ita</span> <span class='ocrx_word' id='word_1_82' title='bbox 391 966 472 1006; x_wconf 90' lang='lat' dir='ltr'>sint</span> <span class='ocrx_word' id='word_1_83' title='bbox 493 964 814 1014; x_wconf 87' lang='lat' dir='ltr'>inuerecundae,</span> <span class='ocrx_word' id='word_1_84' title='bbox 842 964 902 1004; x_wconf 89' lang='lat' dir='ltr'>ita</span> <span class='ocrx_word' id='word_1_85' title='bbox 925 964 1164 1006; x_wconf 86' lang='lat' dir='ltr'>amittentes</span> <span class='ocrx_word' id='word_1_86' title='bbox 1187 965 1416 1017; x_wconf 88' lang='lat' dir='ltr'>pudicitiae</span> <span class='ocrx_word' id='word_1_87' title='bbox 1440 965 1582 1015; x_wconf 89' lang='lat' dir='ltr'>decus,</span> <span class='ocrx_word' id='word_1_88' title='bbox 1615 965 1662 1005; x_wconf 91' lang='lat' dir='ltr'>ut</span> <span class='ocrx_word' id='word_1_89' title='bbox 1683 965 1814 1006; x_wconf 90' lang='lat' dir='ltr'>uelint</span> 
     </span>
     <span class='ocr_line' id='line_1_12' title="bbox 308 1033 1814 1086; baseline -0.001 -10"><span class='ocrx_word' id='word_1_90' title='bbox 308 1034 485 1076; x_wconf 86' lang='lat' dir='ltr'>scortari</span> <span class='ocrx_word' id='word_1_91' title='bbox 523 1034 563 1074; x_wconf 90' lang='lat' dir='ltr'>in</span> <span class='ocrx_word' id='word_1_92' title='bbox 604 1034 862 1086; x_wconf 76' lang='lat' dir='ltr'>propatulis?</span> <span class='ocrx_word' id='word_1_93' title='bbox 925 1033 1131 1086; x_wconf 90' lang='lat' dir='ltr'>quomodo</span> <span class='ocrx_word' id='word_1_94' title='bbox 1180 1034 1415 1076; x_wconf 89' lang='lat' dir='ltr'>dissoluisti</span> <span class='ocrx_word' id='word_1_95' title='bbox 1455 1047 1621 1076; x_wconf 88' lang='lat' dir='ltr'>omnem</span> <span class='ocrx_word' id='word_1_96' title='bbox 1660 1034 1814 1075; x_wconf 92' lang='lat' dir='ltr'>nodum</span> 
     </span>
     <span class='ocr_line' id='line_1_13' title="bbox 308 1102 1814 1157; baseline -0.001 -12"><span class='ocrx_word' id='word_1_97' title='bbox 308 1103 555 1157; x_wconf 81' lang='lat' dir='ltr'>iniquitatis,</span> <span class='ocrx_word' id='word_1_98' title='bbox 597 1116 692 1144; x_wconf 86' lang='lat' dir='ltr'>cum</span> <span class='ocrx_word' id='word_1_99' title='bbox 733 1102 878 1144; x_wconf 89' lang='lat' dir='ltr'>contra</span> <span class='ocrx_word' id='word_1_100' title='bbox 916 1102 1086 1143; x_wconf 88' lang='lat' dir='ltr'>beatum</span> <span class='ocrx_word' id='word_1_101' title='bbox 1118 1103 1396 1144; x_wconf 86' lang='lat' dir='ltr'>Athanasium</span> <span class='ocrx_word' id='word_1_102' title='bbox 1438 1104 1677 1157; x_wconf 88' lang='lat' dir='ltr'>susceptum</span> <span class='ocrx_word' id='word_1_103' title='bbox 1719 1103 1814 1144; x_wconf 89' lang='lat' dir='ltr'>ante</span> 
     </span>
     <span class='ocr_line' id='line_1_14' title="bbox 311 1172 1814 1221; baseline 0 -8"><span class='ocrx_word' id='word_1_104' title='bbox 311 1185 438 1214; x_wconf 90' lang='lat' dir='ltr'>annos</span> <span class='ocrx_word' id='word_1_105' title='bbox 470 1172 651 1213; x_wconf 83' lang='lat' dir='ltr'>furorem</span> <span class='ocrx_word' id='word_1_106' title='bbox 677 1172 811 1213; x_wconf 89' lang='lat' dir='ltr'>adhuc</span> <span class='ocrx_word' id='word_1_107' title='bbox 838 1172 898 1212; x_wconf 90' lang='lat' dir='ltr'>ita</span> <span class='ocrx_word' id='word_1_108' title='bbox 918 1172 1115 1221; x_wconf 89' lang='lat' dir='ltr'>retineas,</span> <span class='ocrx_word' id='word_1_109' title='bbox 1149 1173 1196 1213; x_wconf 89' lang='lat' dir='ltr'>ut</span> <span class='ocrx_word' id='word_1_110' title='bbox 1218 1173 1323 1214; x_wconf 91' lang='lat' dir='ltr'>uelis</span> <span class='ocrx_word' id='word_1_111' title='bbox 1348 1173 1436 1213; x_wconf 89' lang='lat' dir='ltr'>eius</span> <span class='ocrx_word' id='word_1_112' title='bbox 1458 1173 1574 1213; x_wconf 84' lang='lat' dir='ltr'>fundi</span> <span class='ocrx_word' id='word_1_113' title='bbox 1596 1176 1814 1214; x_wconf 69' lang='lat' dir='ltr'>cruorem?</span> 
     </span>
     <span class='ocr_line' id='line_1_15' title="bbox 311 1240 1814 1295; baseline -0.003 -12"><span class='ocrx_word' id='word_1_114' title='bbox 311 1242 518 1295; x_wconf 89' lang='lat' dir='ltr'>quomodo</span> <span class='ocrx_word' id='word_1_115' title='bbox 553 1241 750 1282; x_wconf 89' lang='lat' dir='ltr'>dimisisti</span> <span class='ocrx_word' id='word_1_116' title='bbox 783 1240 1018 1282; x_wconf 81' lang='lat' dir='ltr'>confractos</span> <span class='ocrx_word' id='word_1_117' title='bbox 1040 1240 1081 1281; x_wconf 87' lang='lat' dir='ltr'>in</span> <span class='ocrx_word' id='word_1_118' title='bbox 1102 1241 1304 1293; x_wconf 75' lang='lat' dir='ltr'>requiem,</span> <span class='ocrx_word' id='word_1_119' title='bbox 1328 1253 1423 1281; x_wconf 92' lang='lat' dir='ltr'>cum</span> <span class='ocrx_word' id='word_1_120' title='bbox 1445 1240 1677 1294; x_wconf 89' lang='lat' dir='ltr'>torquendo</span> <span class='ocrx_word' id='word_1_121' title='bbox 1700 1241 1814 1282; x_wconf 81' lang='lat' dir='ltr'>uarie</span> 
     </span>
     <span class='ocr_line' id='line_1_16' title="bbox 310 1309 1813 1362; baseline -0.001 -11"><span class='ocrx_word' id='word_1_122' title='bbox 310 1323 389 1352; x_wconf 88' lang='lat' dir='ltr'>non</span> <span class='ocrx_word' id='word_1_123' title='bbox 423 1309 588 1351; x_wconf 85' lang='lat' dir='ltr'>desinas</span> <span class='ocrx_word' id='word_1_124' title='bbox 620 1322 763 1351; x_wconf 87' lang='lat' dir='ltr'>seruos</span> <span class='ocrx_word' id='word_1_125' title='bbox 798 1310 893 1351; x_wconf 75' lang='lat' dir='ltr'>dei?</span> <span class='ocrx_word' id='word_1_126' title='bbox 949 1310 989 1350; x_wconf 89' lang='lat' dir='ltr'>et</span> <span class='ocrx_word' id='word_1_127' title='bbox 1032 1309 1238 1362; x_wconf 86' lang='lat' dir='ltr'>quomodo</span> <span class='ocrx_word' id='word_1_128' title='bbox 1281 1309 1477 1351; x_wconf 86' lang='lat' dir='ltr'>dimisisti</span> <span class='ocrx_word' id='word_1_129' title='bbox 1509 1310 1743 1352; x_wconf 81' lang='lat' dir='ltr'>confractos</span> <span class='ocrx_word' id='word_1_130' title='bbox 1773 1310 1813 1350; x_wconf 90' lang='lat' dir='ltr'>in</span> 
     </span>
     <span class='ocr_line' id='line_1_17' title="bbox 308 1378 1815 1433; baseline -0.001 -13"><span class='ocrx_word' id='word_1_131' title='bbox 308 1379 509 1433; x_wconf 77' lang='lat' dir='ltr'>requiem,</span> <span class='ocrx_word' id='word_1_132' title='bbox 544 1379 708 1432; x_wconf 87' lang='lat' dir='ltr'>quando</span> <span class='ocrx_word' id='word_1_133' title='bbox 740 1378 887 1420; x_wconf 90' lang='lat' dir='ltr'>uideas</span> <span class='ocrx_word' id='word_1_134' title='bbox 909 1391 1099 1420; x_wconf 87' lang='lat' dir='ltr'>carceres</span> <span class='ocrx_word' id='word_1_135' title='bbox 1119 1378 1294 1419; x_wconf 87' lang='lat' dir='ltr'>metalla</span> <span class='ocrx_word' id='word_1_136' title='bbox 1316 1378 1440 1419; x_wconf 85' lang='lat' dir='ltr'>exilia</span> <span class='ocrx_word' id='word_1_137' title='bbox 1461 1379 1528 1419; x_wconf 87' lang='lat' dir='ltr'>uix</span> <span class='ocrx_word' id='word_1_138' title='bbox 1550 1379 1635 1420; x_wconf 93' lang='lat' dir='ltr'>iam</span> <span class='ocrx_word' id='word_1_139' title='bbox 1667 1391 1815 1432; x_wconf 84' lang='lat' dir='ltr'>capere</span> 
     </span>
     <span class='ocr_line' id='line_1_18' title="bbox 309 1446 1815 1501; baseline -0.001 -12"><span class='ocrx_word' id='word_1_140' title='bbox 309 1461 431 1501; x_wconf 89' lang='lat' dir='ltr'>posse</span> <span class='ocrx_word' id='word_1_141' title='bbox 455 1448 784 1490; x_wconf 87' lang='lat' dir='ltr'>Christianorum</span> <span class='ocrx_word' id='word_1_142' title='bbox 816 1459 1033 1488; x_wconf 87' lang='lat' dir='ltr'>numerum</span> <span class='ocrx_word' id='word_1_143' title='bbox 1065 1459 1137 1500; x_wconf 87' lang='lat' dir='ltr'>per</span> <span class='ocrx_word' id='word_1_144' title='bbox 1168 1446 1210 1488; x_wconf 91' lang='lat' dir='ltr'>te</span> <span class='ocrx_word' id='word_1_145' title='bbox 1244 1446 1562 1488; x_wconf 75' lang='lat' dir='ltr'>damnatorum?</span> <span class='ocrx_word' id='word_1_146' title='bbox 1594 1446 1815 1500; x_wconf 84' lang='lat' dir='ltr'>quomodo,</span> 
     </span>
     <span class='ocr_line' id='line_1_19' title="bbox 312 1515 1817 1569; baseline -0.001 -12"><span class='ocrx_word' id='word_1_147' title='bbox 312 1517 477 1557; x_wconf 85' lang='lat' dir='ltr'>etiamsi</span> <span class='ocrx_word' id='word_1_148' title='bbox 508 1516 683 1569; x_wconf 82' lang='lat' dir='ltr'>fregeris</span> <span class='ocrx_word' id='word_1_149' title='bbox 718 1516 996 1557; x_wconf 81' lang='lat' dir='ltr'>esurientibus</span> <span class='ocrx_word' id='word_1_150' title='bbox 1034 1528 1184 1568; x_wconf 90' lang='lat' dir='ltr'>panem</span> <span class='ocrx_word' id='word_1_151' title='bbox 1215 1516 1347 1566; x_wconf 90' lang='lat' dir='ltr'>tuum,</span> <span class='ocrx_word' id='word_1_152' title='bbox 1391 1515 1609 1568; x_wconf 90' lang='lat' dir='ltr'>acceptum</span> <span class='ocrx_word' id='word_1_153' title='bbox 1646 1515 1817 1556; x_wconf 89' lang='lat' dir='ltr'>habebit</span> 
     </span>
     <span class='ocr_line' id='line_1_20' title="bbox 312 1583 1816 1634; baseline -0.001 -9"><span class='ocrx_word' id='word_1_154' title='bbox 312 1585 516 1634; x_wconf 90' lang='lat' dir='ltr'>dominus,</span> <span class='ocrx_word' id='word_1_155' title='bbox 566 1597 661 1626; x_wconf 91' lang='lat' dir='ltr'>cum</span> <span class='ocrx_word' id='word_1_156' title='bbox 701 1596 845 1626; x_wconf 89' lang='lat' dir='ltr'>seruos</span> <span class='ocrx_word' id='word_1_157' title='bbox 891 1584 1000 1625; x_wconf 80' lang='lat' dir='ltr'>same</span> <span class='ocrx_word' id='word_1_158' title='bbox 1046 1596 1171 1625; x_wconf 90' lang='lat' dir='ltr'>neces</span> <span class='ocrx_word' id='word_1_159' title='bbox 1212 1584 1373 1626; x_wconf 90' lang='lat' dir='ltr'>dicatos</span> <span class='ocrx_word' id='word_1_160' title='bbox 1414 1584 1501 1625; x_wconf 90' lang='lat' dir='ltr'>eius</span> <span class='ocrx_word' id='word_1_161' title='bbox 1549 1583 1816 1625; x_wconf 71' lang='lat' dir='ltr'>aeternitati?</span> 
     </span>
     <span class='ocr_line' id='line_1_21' title="bbox 311 1652 1816 1706; baseline -0.001 -12"><span class='ocrx_word' id='word_1_162' title='bbox 311 1653 532 1706; x_wconf 72' lang='lat' dir='ltr'>quomodo,</span> <span class='ocrx_word' id='word_1_163' title='bbox 553 1653 587 1694; x_wconf 92' lang='lat' dir='ltr'>si</span> <span class='ocrx_word' id='word_1_164' title='bbox 608 1652 782 1693; x_wconf 87' lang='lat' dir='ltr'>inducas</span> <span class='ocrx_word' id='word_1_165' title='bbox 801 1664 953 1706; x_wconf 86' lang='lat' dir='ltr'>egenos</span> <span class='ocrx_word' id='word_1_166' title='bbox 972 1652 1059 1693; x_wconf 91' lang='lat' dir='ltr'>sine</span> <span class='ocrx_word' id='word_1_167' title='bbox 1076 1652 1189 1694; x_wconf 92' lang='lat' dir='ltr'>tecto</span> <span class='ocrx_word' id='word_1_168' title='bbox 1210 1653 1252 1693; x_wconf 91' lang='lat' dir='ltr'>in</span> <span class='ocrx_word' id='word_1_169' title='bbox 1271 1653 1439 1694; x_wconf 89' lang='lat' dir='ltr'>domum</span> <span class='ocrx_word' id='word_1_170' title='bbox 1456 1653 1587 1702; x_wconf 90' lang='lat' dir='ltr'>tuam,</span> <span class='ocrx_word' id='word_1_171' title='bbox 1609 1652 1816 1705; x_wconf 87' lang='lat' dir='ltr'>respicere</span> 
     </span>
     <span class='ocr_line' id='line_1_22' title="bbox 312 1721 1815 1775; baseline -0.001 -13"><span class='ocrx_word' id='word_1_172' title='bbox 312 1722 550 1775; x_wconf 86' lang='lat' dir='ltr'>dignabitur</span> <span class='ocrx_word' id='word_1_173' title='bbox 590 1734 712 1775; x_wconf 89' lang='lat' dir='ltr'>super</span> <span class='ocrx_word' id='word_1_174' title='bbox 755 1733 856 1774; x_wconf 90' lang='lat' dir='ltr'>opus</span> <span class='ocrx_word' id='word_1_175' title='bbox 895 1721 1015 1761; x_wconf 91' lang='lat' dir='ltr'>tuum</span> <span class='ocrx_word' id='word_1_176' title='bbox 1057 1721 1173 1768; x_wconf 74' lang='lat' dir='ltr'>deus,</span> <span class='ocrx_word' id='word_1_177' title='bbox 1221 1734 1316 1762; x_wconf 88' lang='lat' dir='ltr'>cum</span> <span class='ocrx_word' id='word_1_178' title='bbox 1356 1721 1500 1762; x_wconf 90' lang='lat' dir='ltr'>uideat</span> <span class='ocrx_word' id='word_1_179' title='bbox 1542 1734 1684 1763; x_wconf 85' lang='lat' dir='ltr'>seruos</span> <span class='ocrx_word' id='word_1_180' title='bbox 1717 1733 1815 1763; x_wconf 82' lang='lat' dir='ltr'>suae</span> 
     </span>
     <span class='ocr_line' id='line_1_23' title="bbox 311 1789 1816 1843; baseline 0.001 -12"><span class='ocrx_word' id='word_1_181' title='bbox 311 1790 516 1831; x_wconf 89' lang='lat' dir='ltr'>claritatis</span> <span class='ocrx_word' id='word_1_182' title='bbox 547 1791 725 1832; x_wconf 89' lang='lat' dir='ltr'>reiectos</span> <span class='ocrx_word' id='word_1_183' title='bbox 760 1790 809 1831; x_wconf 92' lang='lat' dir='ltr'>de</span> <span class='ocrx_word' id='word_1_184' title='bbox 844 1790 1034 1830; x_wconf 85' lang='lat' dir='ltr'>domibus</span> <span class='ocrx_word' id='word_1_185' title='bbox 1056 1790 1244 1842; x_wconf 89' lang='lat' dir='ltr'>priuatis,</span> <span class='ocrx_word' id='word_1_186' title='bbox 1266 1791 1487 1843; x_wconf 87' lang='lat' dir='ltr'>propterea</span> <span class='ocrx_word' id='word_1_187' title='bbox 1509 1790 1648 1831; x_wconf 79' lang='lat' dir='ltr'>exules</span> <span class='ocrx_word' id='word_1_188' title='bbox 1669 1789 1816 1833; x_wconf 74' lang='lat' dir='ltr'>factos.</span> 
     </span>
     <span class='ocr_line' id='line_1_24' title="bbox 312 1857 1816 1911; baseline -0.001 -12"><span class='ocrx_word' id='word_1_189' title='bbox 312 1859 423 1911; x_wconf 90' lang='lat' dir='ltr'>quod</span> <span class='ocrx_word' id='word_1_190' title='bbox 455 1859 661 1900; x_wconf 90' lang='lat' dir='ltr'>noluerint</span> <span class='ocrx_word' id='word_1_191' title='bbox 694 1859 906 1911; x_wconf 85' lang='lat' dir='ltr'>suscipere</span> <span class='ocrx_word' id='word_1_192' title='bbox 938 1857 1220 1899; x_wconf 89' lang='lat' dir='ltr'>idololatriam</span> <span class='ocrx_word' id='word_1_193' title='bbox 1251 1859 1369 1899; x_wconf 88' lang='lat' dir='ltr'>tuam</span> <span class='ocrx_word' id='word_1_194' title='bbox 1400 1871 1473 1911; x_wconf 89' lang='lat' dir='ltr'>per</span> <span class='ocrx_word' id='word_1_195' title='bbox 1495 1858 1661 1899; x_wconf 88' lang='lat' dir='ltr'>Arrium</span> <span class='ocrx_word' id='word_1_196' title='bbox 1693 1858 1816 1899; x_wconf 88' lang='lat' dir='ltr'>insti-</span> 
     </span>
     <span class='ocr_line' id='line_1_25' title="bbox 309 1926 1817 1980; baseline 0 -13"><span class='ocrx_word' id='word_1_197' title='bbox 309 1926 474 1967; x_wconf 74' lang='lat' dir='ltr'>tutam?</span> <span class='ocrx_word' id='word_1_198' title='bbox 527 1927 746 1979; x_wconf 84' lang='lat' dir='ltr'>quomodo.</span> <span class='ocrx_word' id='word_1_199' title='bbox 782 1927 814 1967; x_wconf 92' lang='lat' dir='ltr'>si</span> <span class='ocrx_word' id='word_1_200' title='bbox 848 1926 980 1967; x_wconf 91' lang='lat' dir='ltr'>nudos</span> <span class='ocrx_word' id='word_1_201' title='bbox 1011 1926 1178 1976; x_wconf 76' lang='lat' dir='ltr'>texeris,</span> <span class='ocrx_word' id='word_1_202' title='bbox 1211 1927 1366 1979; x_wconf 89' lang='lat' dir='ltr'>poteris</span> <span class='ocrx_word' id='word_1_203' title='bbox 1400 1927 1477 1968; x_wconf 88' lang='lat' dir='ltr'>deo</span> <span class='ocrx_word' id='word_1_204' title='bbox 1509 1927 1687 1980; x_wconf 81' lang='lat' dir='ltr'>placere,</span> <span class='ocrx_word' id='word_1_205' title='bbox 1722 1940 1817 1968; x_wconf 88' lang='lat' dir='ltr'>cum</span> 
     </span>
    </p>
   </div>
   <div class='ocr_carea' id='block_1_5' title="bbox 1835 976 1866 999">
    <p class='ocr_par' dir='ltr' id='par_1_5' title="bbox 1835 976 1866 999">
     <span class='ocr_line' id='line_1_26' title="bbox 1835 976 1866 999; baseline 0 0"><span class='ocrx_word' id='word_1_206' title='bbox 1835 976 1866 999; x_wconf 86' lang='lat'>10</span> 
     </span>
    </p>
   </div>
   <div class='ocr_carea' id='block_1_6' title="bbox 1837 1316 1867 1341">
    <p class='ocr_par' dir='ltr' id='par_1_6' title="bbox 1837 1316 1867 1341">
     <span class='ocr_line' id='line_1_27' title="bbox 1837 1316 1867 1341; baseline 0.033 -1"><span class='ocrx_word' id='word_1_207' title='bbox 1837 1316 1867 1341; x_wconf 85' lang='lat'>15</span> 
     </span>
    </p>
   </div>
   <div class='ocr_carea' id='block_1_7' title="bbox 1837 1659 1869 1682">
    <p class='ocr_par' dir='ltr' id='par_1_7' title="bbox 1837 1659 1869 1682">
     <span class='ocr_line' id='line_1_28' title="bbox 1837 1659 1869 1682; baseline 0 0"><span class='ocrx_word' id='word_1_208' title='bbox 1837 1659 1869 1682; x_wconf 72' lang='lat'>20</span> 
     </span>
    </p>
   </div>
   <div class='ocr_carea' id='block_1_8' title="bbox 310 1994 1817 2048">
    <p class='ocr_par' dir='ltr' id='par_1_8' title="bbox 310 1994 1869 2048">
     <span class='ocr_line' id='line_1_29' title="bbox 310 1994 1817 2048; baseline 0.001 -12"><span class='ocrx_word' id='word_1_209' title='bbox 310 1995 445 2037; x_wconf 88' lang='lat' dir='ltr'>seruis</span> <span class='ocrx_word' id='word_1_210' title='bbox 486 1995 616 2048; x_wconf 83' lang='lat' dir='ltr'>ipsius</span> <span class='ocrx_word' id='word_1_211' title='bbox 655 1994 905 2048; x_wconf 88' lang='lat' dir='ltr'>patrimonia</span> <span class='ocrx_word' id='word_1_212' title='bbox 941 1994 1089 2035; x_wconf 90' lang='lat' dir='ltr'>tuleris</span> <span class='ocrx_word' id='word_1_213' title='bbox 1131 1995 1172 2035; x_wconf 88' lang='lat' dir='ltr'>et</span> <span class='ocrx_word' id='word_1_214' title='bbox 1210 1995 1383 2036; x_wconf 82' lang='lat' dir='ltr'>dixeris:</span> <span class='ocrx_word' id='word_1_215' title='bbox 1431 1996 1468 2037; x_wconf 69' lang='lat' dir='ltr'>si</span> <span class='ocrx_word' id='word_1_216' title='bbox 1507 1996 1817 2037; x_wconf 69' lang='lat' dir='ltr'>daomzauerz‘tis</span> 
     </span>
    </p>
   </div>
   <div class='ocr_carea' id='block_1_9' title="bbox 310 2064 1815 2529">
    <p class='ocr_par' dir='ltr' id='par_1_9' title="bbox 310 2064 1815 2185">
     <span class='ocr_line' id='line_1_30' title="bbox 310 2064 1815 2117; baseline -0.001 -11"><span class='ocrx_word' id='word_1_217' title='bbox 310 2064 436 2117; x_wconf 66' lang='lat' dir='ltr'>fidem</span> <span class='ocrx_word' id='word_1_218' title='bbox 466 2065 739 2117; x_wconf 68' lang='lat' dir='ltr'>apostolicam</span> <span class='ocrx_word' id='word_1_219' title='bbox 771 2066 892 2117; x_wconf 74' lang='lat' dir='ltr'>atque</span> <span class='ocrx_word' id='word_1_220' title='bbox 913 2064 1155 2105; x_wconf 73' lang='lat' dir='ltr'>Arrianam</span> <span class='ocrx_word' id='word_1_221' title='bbox 1186 2065 1462 2117; x_wconf 74' lang='lat' dir='ltr'>susceperitis,</span> <span class='ocrx_word' id='word_1_222' title='bbox 1495 2067 1645 2106; x_wconf 76' lang='lat' dir='ltr'>cuncta</span> <span class='ocrx_word' id='word_1_223' title='bbox 1676 2067 1815 2106; x_wconf 72' lang='lat' dir='ltr'>uestra</span> 
     </span>
     <span class='ocr_line' id='line_1_31' title="bbox 312 2134 557 2185; baseline 0 -12"><span class='ocrx_word' id='word_1_224' title='bbox 312 2134 523 2185; x_wconf 64' lang='lat' dir='ltr'>recipietis</span> <span class='ocrx_word' id='word_1_225' title='bbox 535 2136 557 2173; x_wconf 56' lang='lat' dir='ltr'>Id</span> 
     </span>
    </p>

    <p class='ocr_par' dir='ltr' id='par_1_10' title="bbox 312 2201 1815 2529">
     <span class='ocr_line' id='line_1_32' title="bbox 370 2201 1814 2243; baseline 0 -1"><span class='ocrx_word' id='word_1_226' title='bbox 370 2201 608 2242; x_wconf 87' lang='lat' dir='ltr'>XXXXIII.</span> <span class='ocrx_word' id='word_1_227' title='bbox 643 2201 751 2242; x_wconf 73' lang='lat' dir='ltr'>Sane</span> <span class='ocrx_word' id='word_1_228' title='bbox 783 2215 910 2242; x_wconf 91' lang='lat' dir='ltr'>unum</span> <span class='ocrx_word' id='word_1_229' title='bbox 945 2202 995 2242; x_wconf 92' lang='lat' dir='ltr'>de</span> <span class='ocrx_word' id='word_1_230' title='bbox 1026 2201 1090 2242; x_wconf 89' lang='lat' dir='ltr'>his</span> <span class='ocrx_word' id='word_1_231' title='bbox 1123 2201 1312 2242; x_wconf 86' lang='lat' dir='ltr'>omnibus</span> <span class='ocrx_word' id='word_1_232' title='bbox 1346 2201 1499 2242; x_wconf 90' lang='lat' dir='ltr'>domini</span> <span class='ocrx_word' id='word_1_233' title='bbox 1533 2201 1662 2243; x_wconf 87' lang='lat' dir='ltr'>sacris</span> <span class='ocrx_word' id='word_1_234' title='bbox 1693 2214 1814 2242; x_wconf 86' lang='lat' dir='ltr'>man-</span> 
     </span>
     <span class='ocr_line' id='line_1_33' title="bbox 313 2269 1812 2323; baseline 0.001 -13"><span class='ocrx_word' id='word_1_235' title='bbox 313 2269 424 2310; x_wconf 88' lang='lat' dir='ltr'>datis</span> <span class='ocrx_word' id='word_1_236' title='bbox 455 2270 655 2311; x_wconf 84' lang='lat' dir='ltr'>inueniris</span> <span class='ocrx_word' id='word_1_237' title='bbox 686 2270 873 2323; x_wconf 88' lang='lat' dir='ltr'>implere,</span> <span class='ocrx_word' id='word_1_238' title='bbox 908 2270 1018 2323; x_wconf 90' lang='lat' dir='ltr'>quod</span> <span class='ocrx_word' id='word_1_239' title='bbox 1052 2271 1160 2311; x_wconf 91' lang='lat' dir='ltr'>enim</span> <span class='ocrx_word' id='word_1_240' title='bbox 1183 2269 1436 2312; x_wconf 89' lang='lat' dir='ltr'>domesticos</span> <span class='ocrx_word' id='word_1_241' title='bbox 1460 2270 1629 2311; x_wconf 89' lang='lat' dir='ltr'>seminis</span> <span class='ocrx_word' id='word_1_242' title='bbox 1651 2270 1712 2311; x_wconf 89' lang='lat' dir='ltr'>tui</span> <span class='ocrx_word' id='word_1_243' title='bbox 1734 2282 1812 2311; x_wconf 88' lang='lat' dir='ltr'>non</span> 
     </span>
     <span class='ocr_line' id='line_1_34' title="bbox 314 2337 1814 2391; baseline 0.001 -13"><span class='ocrx_word' id='word_1_244' title='bbox 314 2337 533 2391; x_wconf 90' lang='lat' dir='ltr'>despicias.</span> <span class='ocrx_word' id='word_1_245' title='bbox 595 2351 674 2379; x_wconf 91' lang='lat' dir='ltr'>non</span> <span class='ocrx_word' id='word_1_246' title='bbox 718 2338 897 2391; x_wconf 89' lang='lat' dir='ltr'>despicis</span> <span class='ocrx_word' id='word_1_247' title='bbox 937 2351 982 2379; x_wconf 89' lang='lat' dir='ltr'>re</span> <span class='ocrx_word' id='word_1_248' title='bbox 1022 2351 1122 2379; x_wconf 91' lang='lat' dir='ltr'>uera</span> <span class='ocrx_word' id='word_1_249' title='bbox 1161 2339 1448 2391; x_wconf 89' lang='lat' dir='ltr'>conuiperinos</span> <span class='ocrx_word' id='word_1_250' title='bbox 1479 2339 1573 2379; x_wconf 91' lang='lat' dir='ltr'>tuos</span> <span class='ocrx_word' id='word_1_251' title='bbox 1605 2338 1814 2387; x_wconf 78' lang='lat' dir='ltr'>Arrianos,</span> 
     </span>
     <span class='ocr_line' id='line_1_35' title="bbox 312 2406 1815 2460; baseline 0 -13"><span class='ocrx_word' id='word_1_252' title='bbox 312 2407 432 2448; x_wconf 89' lang='lat' dir='ltr'>natos</span> <span class='ocrx_word' id='word_1_253' title='bbox 471 2406 672 2447; x_wconf 90' lang='lat' dir='ltr'>uidelicet</span> <span class='ocrx_word' id='word_1_254' title='bbox 714 2407 764 2448; x_wconf 90' lang='lat' dir='ltr'>de</span> <span class='ocrx_word' id='word_1_255' title='bbox 804 2407 1052 2460; x_wconf 88' lang='lat' dir='ltr'>inpuderato</span> <span class='ocrx_word' id='word_1_256' title='bbox 1092 2407 1210 2459; x_wconf 90' lang='lat' dir='ltr'>patre</span> <span class='ocrx_word' id='word_1_257' title='bbox 1254 2407 1394 2448; x_wconf 86' lang='lat' dir='ltr'>uestro</span> <span class='ocrx_word' id='word_1_258' title='bbox 1436 2406 1624 2454; x_wconf 82' lang='lat' dir='ltr'>diabolo;</span> <span class='ocrx_word' id='word_1_259' title='bbox 1676 2407 1815 2460; x_wconf 82' lang='lat' dir='ltr'>diligis</span> 
     </span>
     <span class='ocr_line' id='line_1_36' title="bbox 312 2476 1811 2529; baseline 0 -13"><span class='ocrx_word' id='word_1_260' title='bbox 312 2476 461 2517; x_wconf 75' lang='lat' dir='ltr'>fratres</span> <span class='ocrx_word' id='word_1_261' title='bbox 483 2477 590 2517; x_wconf 88' lang='lat' dir='ltr'>tuos.</span> <span class='ocrx_word' id='word_1_262' title='bbox 625 2476 722 2529; x_wconf 92' lang='lat' dir='ltr'>quia</span> <span class='ocrx_word' id='word_1_263' title='bbox 744 2477 818 2517; x_wconf 90' lang='lat' dir='ltr'>hos</span> <span class='ocrx_word' id='word_1_264' title='bbox 838 2476 985 2517; x_wconf 90' lang='lat' dir='ltr'>uideas</span> <span class='ocrx_word' id='word_1_265' title='bbox 1006 2476 1083 2517; x_wconf 89' lang='lat' dir='ltr'>tibi</span> <span class='ocrx_word' id='word_1_266' title='bbox 1105 2476 1396 2529; x_wconf 52' lang='lat' dir='ltr'>proximiorem</span> <span class='ocrx_word' id='word_1_267' title='bbox 1429 2477 1503 2518; x_wconf 91' lang='lat' dir='ltr'>hos</span> <span class='ocrx_word' id='word_1_268' title='bbox 1528 2489 1643 2517; x_wconf 89' lang='lat' dir='ltr'>amas</span> <span class='ocrx_word' id='word_1_269' title='bbox 1667 2476 1811 2529; x_wconf 83' lang='lat' dir='ltr'>singu-</span> 
     </span>
    </p>
   </div>
   <div class='ocr_carea' id='block_1_10' title="bbox 382 2577 1723 2633">
    <p class='ocr_par' dir='ltr' id='par_1_11' title="bbox 382 2577 1723 2633">
     <span class='ocr_line' id='line_1_37' title="bbox 382 2577 1723 2633; baseline 0.001 -22"><span class='ocrx_word' id='word_1_270' title='bbox 382 2578 402 2611; x_wconf 82' lang='lat'>6</span> <span class='ocrx_word' id='word_1_271' title='bbox 429 2577 677 2622; x_wconf 82' lang='lat' dir='ltr'>dispernendos</span> <span class='ocrx_word' id='word_1_272' title='bbox 780 2580 821 2613; x_wconf 81' lang='grc'>14-</span> <span class='ocrx_word' id='word_1_273' title='bbox 847 2580 965 2633; x_wconf 79' lang='lat' dir='ltr'>uariae</span> <span class='ocrx_word' id='word_1_274' title='bbox 1083 2580 1124 2613; x_wconf 87' lang='lat'>15</span> <span class='ocrx_word' id='word_1_275' title='bbox 1150 2579 1321 2614; x_wconf 86' lang='lat' dir='ltr'>demisisti</span> <span class='ocrx_word' id='word_1_276' title='bbox 1353 2581 1385 2614; x_wconf 83' lang='lat' dir='ltr'><em>V</em></span> <span class='ocrx_word' id='word_1_277' title='bbox 1408 2580 1563 2614; x_wconf 74' lang='lat' dir='ltr'>testibus</span> <span class='ocrx_word' id='word_1_278' title='bbox 1590 2579 1723 2614; x_wconf 71' lang='lat' dir='ltr'>Coletis</span> 
     </span>
    </p>
   </div>
   <div class='ocr_carea' id='block_1_11' title="bbox 314 2635 1724 2700">
    <p class='ocr_par' dir='ltr' id='par_1_12' title="bbox 314 2635 1724 2700">
     <span class='ocr_line' id='line_1_38' title="bbox 314 2635 1724 2700; baseline 0.001 -32"><span class='ocrx_word' id='word_1_279' title='bbox 314 2635 355 2668; x_wconf 89' lang='lat'>16</span> <span class='ocrx_word' id='word_1_280' title='bbox 381 2636 525 2669; x_wconf 86' lang='lat' dir='ltr'>carceris</span> <span class='ocrx_word' id='word_1_281' title='bbox 559 2637 596 2678; x_wconf 33' lang='grc' dir='ltr'>ἶν’,</span> <span class='ocrx_word' id='word_1_282' title='bbox 623 2648 684 2670; x_wconf 79' lang='lat' dir='ltr'>em.</span> <span class='ocrx_word' id='word_1_283' title='bbox 713 2637 895 2671; x_wconf 72' lang='lat' dir='ltr'>Latinius</span> <span class='ocrx_word' id='word_1_284' title='bbox 1037 2637 1078 2670; x_wconf 86' lang='lat'>19</span> <span class='ocrx_word' id='word_1_285' title='bbox 1104 2647 1290 2700; x_wconf 66' lang='lat' dir='ltr'>seruushm.</span> <span class='ocrx_word' id='word_1_286' title='bbox 1317 2640 1335 2670; x_wconf 86' lang='lat'><strong><em>1</em></strong></span> <span class='ocrx_word' id='word_1_287' title='bbox 1477 2636 1611 2670; x_wconf 85' lang='lat' dir='ltr'>dicator</span> <span class='ocrx_word' id='word_1_288' title='bbox 1636 2648 1679 2670; x_wconf 79' lang='lat' dir='ltr'>m.</span> <span class='ocrx_word' id='word_1_289' title='bbox 1708 2640 1724 2670; x_wconf 87' lang='grc'>1</span> 
     </span>
    </p>
   </div>
   <div class='ocr_carea' id='block_1_12' title="bbox 311 2702 1817 2751">
    <p class='ocr_par' dir='ltr' id='par_1_13' title="bbox 311 2702 1817 2751">
     <span class='ocr_line' id='line_1_39' title="bbox 311 2702 1817 2751; baseline 0.001 -15"><span class='ocrx_word' id='word_1_290' title='bbox 311 2702 356 2737; x_wconf 83' lang='grc'>23</span> <span class='ocrx_word' id='word_1_291' title='bbox 381 2703 579 2738; x_wconf 83' lang='lat' dir='ltr'>idolatriam</span> <span class='ocrx_word' id='word_1_292' title='bbox 672 2705 715 2739; x_wconf 81' lang='lat'>‘28</span> <span class='ocrx_word' id='word_1_293' title='bbox 741 2707 836 2751; x_wconf 74' lang='lat' dir='ltr'>sane]</span> <span class='ocrx_word' id='word_1_294' title='bbox 857 2717 946 2740; x_wconf 88' lang='lat' dir='ltr'>anne</span> <span class='ocrx_word' id='word_1_295' title='bbox 964 2706 1145 2741; x_wconf 74' lang='lat' dir='ltr'>Latinius</span> <span class='ocrx_word' id='word_1_296' title='bbox 1239 2706 1267 2738; x_wconf 84' lang='lat' dir='ltr'>is</span> <span class='ocrx_word' id='word_1_297' title='bbox 1287 2704 1311 2749; x_wconf 66' lang='lat'>(¹¹</span> <span class='ocrx_word' id='word_1_298' title='bbox 1338 2716 1378 2738; x_wconf 84' lang='lat' dir='ltr'>m.</span> <span class='ocrx_word' id='word_1_299' title='bbox 1396 2707 1480 2746; x_wconf 82' lang='lat' dir='ltr'>rec.)</span> <span class='ocrx_word' id='word_1_300' title='bbox 1577 2704 1619 2738; x_wconf 81' lang='lat'>29</span> <span class='ocrx_word' id='word_1_301' title='bbox 1646 2705 1817 2738; x_wconf 76' lang='lat' dir='ltr'>inueneris</span> 
     </span>
    </p>
   </div>
   <div class='ocr_carea' id='block_1_13' title="bbox 311 2757 1820 2873">
    <p class='ocr_par' dir='ltr' id='par_1_14' title="bbox 311 2757 1820 2873">
     <span class='ocr_line' id='line_1_40' title="bbox 318 2757 1820 2819; baseline 0.001 -13"><span class='ocrx_word' id='word_1_302' title='bbox 318 2773 358 2807; x_wconf 81' lang='lat' dir='ltr'>V.</span> <span class='ocrx_word' id='word_1_303' title='bbox 393 2784 454 2806; x_wconf 82' lang='lat' dir='ltr'>em.</span> <span class='ocrx_word' id='word_1_304' title='bbox 482 2773 662 2808; x_wconf 70' lang='lat' dir='ltr'>Latinius</span> <span class='ocrx_word' id='word_1_305' title='bbox 791 2774 834 2807; x_wconf 82' lang='lat'>30</span> <span class='ocrx_word' id='word_1_306' title='bbox 860 2757 997 2818; x_wconf 58' lang='lat' dir='ltr'>despicas</span> <span class='ocrx_word' id='word_1_307' title='bbox 1026 2775 1055 2819; x_wconf 72' lang='lat'>(⁰¹</span> <span class='ocrx_word' id='word_1_308' title='bbox 1082 2787 1126 2809; x_wconf 79' lang='lat' dir='ltr'>m.</span> <span class='ocrx_word' id='word_1_309' title='bbox 1153 2777 1187 2817; x_wconf 88' lang='lat'>1)</span> <span class='ocrx_word' id='word_1_310' title='bbox 1315 2774 1355 2807; x_wconf 83' lang='lat'>31</span> <span class='ocrx_word' id='word_1_311' title='bbox 1384 2773 1579 2817; x_wconf 81' lang='lat' dir='ltr'>inuiperato</span> <span class='ocrx_word' id='word_1_312' title='bbox 1605 2774 1696 2808; x_wconf 77' lang='lat' dir='ltr'>coni.</span> <span class='ocrx_word' id='word_1_313' title='bbox 1724 2774 1820 2808; x_wconf 75' lang='lat' dir='ltr'>Pon-</span> 
     </span>
     <span class='ocr_line' id='line_1_41' title="bbox 311 2830 860 2873; baseline 0.004 -9"><span class='ocrx_word' id='word_1_314' title='bbox 311 2831 394 2865; x_wconf 78' lang='lat' dir='ltr'>cius</span> <span class='ocrx_word' id='word_1_315' title='bbox 490 2830 532 2863; x_wconf 79' lang='lat'>32</span> <span class='ocrx_word' id='word_1_316' title='bbox 558 2834 595 2864; x_wconf 84' lang='lat' dir='ltr'>ut</span> <span class='ocrx_word' id='word_1_317' title='bbox 621 2830 745 2865; x_wconf 84' lang='lat' dir='ltr'>fratres</span> <span class='ocrx_word' id='word_1_318' title='bbox 772 2832 860 2873; x_wconf 74' lang='lat' dir='ltr'>fort.</span> 
     </span>
    </p>
   </div>
   <div class='ocr_carea' id='block_1_14' title="bbox 1836 2348 1869 2372">
    <p class='ocr_par' dir='ltr' id='par_1_15' title="bbox 1836 2348 1869 2372">
     <span class='ocr_line' id='line_1_42' title="bbox 1836 2348 1869 2372; baseline 0.061 -2"><span class='ocrx_word' id='word_1_319' title='bbox 1836 2348 1869 2372; x_wconf 67' lang='lat'>:50</span> 
     </span>
    </p>
   </div>
  </div>
 </body>
</html>
