1934 3278
222 216 272 258 10
877 211 1076 246 Luciferi

221 353 311 382 esse
343 340 667 382 maluissemus?
701 339 771 380 aut
802 338 1003 391 numquid
1037 337 1175 378 dicere
1210 337 1407 379 audebis:
1440 352 1508 392 eyo
1531 351 1725 379 1101130111

220 411 287 452 dez·
334 410 546 463 inimicus,
587 410 649 449 ita
687 411 733 449 ut
769 407 852 460 fecit
884 406 1031 448 Achab
1069 420 1143 447 rex
1182 406 1351 447 Israel?
1411 407 1616 460 quomodo
1649 419 1727 447 non

223 491 267 520 es
298 478 504 529 inimicus,
539 478 608 530 qui
641 476 787 518 eadem
822 487 922 528 agas
955 487 1060 527 quae
1095 474 1180 527 egit
1210 474 1383 516 Achab?
1445 487 1539 515 cum
1581 475 1638 516 sic
1673 475 1728 516 sis

219 547 452 599 inpugnans
498 546 743 599 religionem
791 544 879 594 (101,
928 544 1036 585 sicut
1073 544 1143 584 ille
1180 543 1486 597 inpugnauerit‚
1534 544 1591 584 sic
1631 556 1728 596 per-

221 615 409 668 sequaris
443 615 610 656 domum
644 614 745 659 eius,
788 612 897 654 sicut
927 612 998 652 ille
1030 612 1276 665 persecutus
1308 612 1373 653 sit.
1429 611 1634 665 quomodo
1666 613 1727 652 te-

221 695 315 724 cum
350 695 395 723 ac
423 695 518 724 cum
548 683 632 723 tuis
663 682 799 735 potuit
830 681 947 722 nobis
979 681 1213 730 conuenire,
1248 693 1343 722 cum
1364 680 1436 721 isti
1463 680 1539 721 deo
1578 680 1728 721 (leuoto

218 752 321 805 regi,
346 764 418 792 cur
450 751 657 792 Ochoziae
678 751 768 804 regi
790 750 923 791 Israel
952 750 1119 791 iunctus
1140 749 1289 791 fuisset
1308 750 1349 790 in
1374 748 1583 798 amicitiis,
1605 748 1730 789 fuerit

219 832 292 873 per
338 819 582 873 prophetam
626 818 875 872 increpitum
923 830 946 858 a
992 818 1100 859 deo?
1160 821 1197 859 et
1234 818 1394 867 iumeit,
1431 817 1578 871 inquit,
1619 817 1728 858 ami-

222 889 368 929 citiam
398 887 605 941 Iosophat
634 901 707 928 rex
737 887 851 928 Iuda
872 900 964 928 cum
991 886 1171 928 ochozia
1192 900 1283 940 reye
1305 885 1456 937 Israel,
1478 887 1568 939 ipse
1592 886 1730 938 imque

223 958 354 1010 coepit
385 956 524 1008 facere
565 959 602 997 et
632 956 963 997 commzmicauit
1001 968 1094 996 eum
1132 968 1268 996 30011111
1306 957 1351 995 ut
1390 954 1543 1007 faceret
1582 967 1727 1006 nasum,

219 1026 369 1078 quibus
399 1026 478 1065 iret
508 1026 557 1066 in
577 1025 767 1067 Tharsis.
800 1027 837 1067 et
866 1025 964 1077 fecit
994 1037 1126 1065 naues
1159 1024 1204 1065 in
1236 1025 1373 1065 Asson
1400 1023 1553 1076 Gaber‚
1578 1025 1615 1063 et
1630 1036 1728 1075 pro-

215 1093 408 1146 phetam}
441 1092 607 1134 Eliezer
636 1093 755 1146 fitius
789 1092 915 1134 Oetae
947 1106 995 1133 cx
1016 1093 1175 1133 Marea
1195 1105 1321 1145 super
1343 1091 1546 1143 Iosaphat
1568 1092 1730 1132 dicens.-

220 1162 269 1202 in
299 1175 353 1212 00,
386 1162 494 1214 quod
531 1162 848 1202 communicasti
876 1160 1089 1210 Ochom’w,
1123 1161 1325 1214 confregit
1346 1161 1540 1202 dominus
1561 1174 1729 1213 operam

222 1234 353 1282 tuam,
378 1234 413 1271 et
437 1230 640 1271 contritae
662 1232 762 1271 sunt
784 1243 914 1271 naues
951 1233 1047 1270 tuac
1076 1232 1111 1270 et
1134 1243 1216 1270 11011
1232 1232 1437 1282 poterant
1456 1230 1519 1271 ire
1537 1229 1575 1270 T
1576 1230 1727 1270 hassis.

223 1299 257 1339 si
288 1298 349 1339 illi
380 1298 455 1339 1113
480 1298 672 1339 dicuntur
692 1311 715 1339 a
739 1298 918 1341 domino.
942 1298 1053 1351 quod
1077 1298 1129 1339 ad
1155 1298 1355 1339 fabricam
1378 1298 1547 1339 nauium
1572 1298 1729 1339 socium

221 1367 438 1409 habuisset
467 1367 562 1408 uiae
593 1366 838 1420 perditionis
876 1379 1033 1420 regem,
1080 1366 1178 1420 quid
1218 1367 1336 1408 nobis
1377 1367 1459 1407 dici
1499 1367 1654 1420 posset,
1696 1366 1729 1407 si

221 1437 264 1476 te
298 1436 603 1477 destructorem
637 1435 784 1477 domus
819 1436 920 1487 eius,
952 1436 994 1476 te
1028 1435 1262 1477 catholicae
1294 1434 1393 1476 fidei
1415 1435 1727 1488 persecutorem

225 1504 404 1545 amicum
438 1504 504 1545 dei
537 1504 779 1546 sacerdotes
811 1506 1088 1546 haberemus?
1123 1505 1156 1545 si
1179 1504 1292 1545 illius
1316 1516 1481 1557 operam
1512 1503 1729 1557 confregit.

224 1585 296 1613 cur
326 1572 466 1625 iniquo
499 1572 648 1614 fuisset
668 1573 849 1623 iunctus,
882 1586 982 1614 uero
1005 1585 1078 1614 nos
1100 1573 1184 1613 iam
1209 1572 1289 1625 ipsi
1311 1572 1483 1613 fulmine
1505 1572 1730 1613 fuissemus

223 1642 348 1683 credo
382 1641 586 1694 dissipati,
620 1654 692 1682 cur
723 1642 801 1683 tibi
830 1643 1076 1695 blasphemo
1108 1641 1272 1682 nosmet
1302 1641 1594 1682 iunxissemus.
1629 1652 1729 1693 quo-

222 1710 346 1751 modo
378 1710 647 1763 potueramus
678 1722 765 1760 nos,
807 1723 900 1751 cum
942 1710 1071 1752 simus
1104 1710 1215 1752 serui
1255 1710 1334 1759 dei,
1374 1723 1449 1751 uos
1488 1722 1587 1751 uero
1621 1710 1729 1751 serui

226 1778 395 1827 diaboli,
428 1778 469 1818 in
501 1791 628 1819 unum
662 1779 897 1829 conuenire,
938 1779 1103 1832 quando
1145 1779 1202 1820 sic
1235 1779 1343 1820 inter
1374 1792 1446 1820 nos
1481 1779 1521 1819 et
1552 1791 1627 1820 uos
1661 1791 1729 1819 se-

222 1847 415 1900 paratum
450 1859 540 1888 esse
573 1847 755 1888 uoluerit
778 1847 895 1898 deus,
929 1847 1136 1901 quomodo
1158 1847 1266 1888 inter
1287 1848 1428 1889 lumen
1452 1848 1494 1888 et
1522 1847 1730 1888 tenebras.

223 1915 330 1956 inter
360 1916 492 1956 uitam
527 1916 567 1956 et
588 1915 779 1965 mortem,
812 1916 920 1956 inter
946 1915 1069 1956 dulce
1094 1916 1135 1956 et
1158 1928 1359 1965 amarum,
1393 1916 1600 1969 quomodo
1625 1916 1733 1956 inter

225 1984 392 2025 sanctos
426 1985 595 2038 angelos
629 1984 695 2025 dei
728 1984 797 2037 qui
829 1985 925 2026 sunt
957 1997 1121 2038 semper
1152 1985 1419 2026 clementiam
1454 1985 1541 2026 eius
1572 1983 1732 2037 magni-

224 2051 400 2094 ficantes
425 2054 465 2094 et
489 2053 597 2094 inter
618 2053 713 2095 illos
738 2054 952 2106 apostatas
976 2067 1078 2107 quos
1100 2054 1141 2094 in
1166 2054 1382 2095 aeternum
1403 2054 1543 2094 tecum
1566 2053 1733 2094 uisurus

226 2121 306 2162 eris
337 2121 536 2174 torqueri,
569 2121 647 2162 nisi
679 2122 812 2162 temet
845 2122 1046 2175 eripueris
1080 2124 1130 2164 ab
1164 2123 1249 2164 eis?
1296 2121 1515 2175 quomodo,
1548 2122 1732 2175 inquam.

224 2201 298 2230 nos
338 2190 556 2231 uobiscum
599 2202 688 2231 csse
727 2190 996 2243 potueramus
1048 2191 1115 2232 dei
1162 2192 1271 2232 serui
1313 2203 1407 2232 cum
1450 2190 1582 2232 seruis
1630 2190 1733 2231 anti-

225 2257 397 2299 christi?
429 2258 594 2311 quando
617 2258 813 2300 Amasiae
845 2259 935 2312 regi
965 2259 1091 2300 fuerit
1123 2259 1281 2300 dictum
1314 2271 1337 2299 a
1370 2259 1446 2300 (leo
1478 2259 1517 2299 in
1551 2258 1733 2300 secundo

228 2324 559 2367 Subrelictorum
591 2326 717 2367 libro:
752 2341 838 2368 11011
860 2328 936 2368 ibit
958 2330 1090 2368 tecum
1111 2328 1314 2368 exercitus
1336 2327 1491 2376 Israel,
1525 2328 1625 2380 qnia
1648 2341 1730 2368 11011

362 2451 382 2485 8
406 2450 440 2484 Π
464 2451 542 2486 Ρ31.
569 2451 623 2495 20,
650 2451 784 2485 35-37
881 2451 923 2485 30
948 2452 994 2486 ib.
1021 2452 1076 2493 25,
1105 2453 1133 2487 7.
1161 2452 1181 2486 8

292 2566 311 2598 4
346 2549 517 2610 inpugnans
671 2568 691 2602 8
724 2568 912 2612 increpitus
944 2568 984 2609 V,
1018 2568 1232 2612 increpatum
1261 2579 1277 2601 c
1417 2567 1437 2600 9
1470 2567 1649 2611 iosaphat3
1681 2567 1735 2600 sic

226 2622 246 2656 l.
273 2624 321 2656 12
437 2622 564 2656 israhel
593 2624 819 2668 (plerumque
844 2624 918 2665 isrl)
1050 2624 1092 2657 10
1117 2625 1209 2668 cepit
1339 2634 1414 2657 eum
1441 2635 1519 2668 emp.
1550 2624 1669 2657 Tilins
1695 2624 1734 2656 in

224 2702 324 2735 notis
418 2704 456 2736 ut
482 2714 513 2743 v,
541 2706 576 2737 et
608 2705 640 2738 V
731 2705 768 2738 11
796 2686 902 2747 11131Ιεί
1018 2703 1136 2738 Gabar
1161 2715 1180 2737 v
1275 2704 1317 2737 14
1342 2705 1529 2747 potuerunt
1554 2704 1642 2746 fort.

224 2758 295 2792 irae
406 2760 447 2794 15
479 2760 605 2793 sotium
715 2761 759 2794 20
784 2760 887 2795 ccedo
914 2773 957 2797 111.
984 2765 1003 2795 1
1114 2761 1330 2804 iuncxissem,
1440 2761 1483 2794 24
1510 2760 1643 2794 dulcem

226 2814 269 2849 29
294 2814 409 2849 fuerat
436 2828 455 2849 c

1749 968 1782 991 10

1751 1310 1783 1334 15

1750 1652 1783 1677 20

1754 1995 1786 2020 25

1754 2337 1787 2362 30
