1934 3278
239 276 323 316 222

239 399 477 444 interr-oyatio
503 399 646 443 obliqua
656 412 664 441 3
692 400 739 441 cf.
771 400 1000 434 indicatiuus

241 444 410 478 intimare
434 459 479 474 =
504 444 632 487 dicere,
659 445 787 479 docere
812 446 850 480 ΙΙ
868 445 924 487 23,
945 445 999 479 17.

241 536 341 570 intra
366 550 410 565 =
435 536 540 571 intra
564 546 611 578 se,
638 535 744 569 ἔνδον
770 537 814 570 A.
839 536 926 578 865,
953 537 999 579 cf.

287 582 385 615 intus

244 628 398 661 intrare:
426 628 463 661 in
489 627 578 661 duas
603 627 770 662 intrastis
795 629 872 662 uias
898 629 916 662 Ι
942 628 995 669 22,

290 673 340 707 15.
367 673 504 707 intrate
535 673 689 707 stabulis
715 674 733 708 I
759 674 815 714 33,
842 676 874 709 5.
901 674 999 707 intra

287 718 351 752 sub
389 721 493 753 antra
508 718 554 761 (2³)
594 718 611 753 I
641 719 695 759 34,
728 720 760 754 8.
799 719 843 754 ad
881 730 998 754 caecos

288 766 404 798 intras
442 765 460 798 I
496 765 552 806 37,
589 764 621 798 3.
665 766 855 800 intrabunt
890 791 921 800 ..
955 765 999 800 ad

290 810 459 854 antiquae
496 810 604 844 ubera
643 811 771 845 matris
807 811 844 846 11
878 813 908 854 1,
941 811 997 846 44.

288 856 423 890 intrare
439 856 478 900 (P)
505 856 652 899 praedas
678 857 720 890 A.
745 857 814 891 412

241 902 410 935 introire:
437 912 531 936 mors
549 902 717 936 introiuit
742 903 779 936 in
805 902 927 937 orbem
953 904 994 936 A.

287 948 353 981 775
379 948 489 990 (bibl.)

241 993 342 1027 intus
375 993 411 1027 in
444 993 530 1027 urbe
564 994 606 1028 A.
631 994 709 1028 915.
742 1014 787 1019 —
811 1008 856 1023 =
881 993 997 1036 ἔνδον,

287 1040 330 1073 in
355 1039 477 1073 animo
503 1040 544 1073 A.
571 1040 654 1079 597;
681 1040 727 1082 cf.
751 1041 850 1074 intra

240 1085 380 1119 intuere
419 1100 460 1115 Ξ
498 1086 694 1129 respicere:
732 1086 864 1120 intuite
901 1085 997 1119 dicta

288 1131 486 1164 Salomonis
512 1131 529 1165 Ι
554 1132 609 1173 31,
638 1132 667 1165 1.
700 1142 763 1167 nec
788 1132 899 1166 intuis
924 1131 996 1165 Do-

288 1178 425 1210 minum
450 1178 634 1220 praeconio
652 1179 756 1212 tanto
783 1178 995 1212 clamantem

286 1222 324 1256 II
350 1223 407 1264 20,
435 1223 477 1257 13

240 1267 432 1302 inundare:
471 1268 684 1312 duellum(‘?)
724 1269 836 1303 hostis
875 1268 994 1302 subito

289 1313 390 1359 (ubi)
418 1315 519 1348 uenit
544 1315 721 1348 inundans
748 1315 786 1349 ΙΙ
808 1315 859 1356 10,
888 1315 924 1356 13
950 1314 995 1356 cf.

240 1370 515 1439 iiiiiiilgleffllzeseu
543 1406 614 1440 luis
640 1406 791 1440 inuadat
816 1406 833 1440 Ι
859 1405 914 1447 26,
944 1405 997 1439 13.

287 1455 326 1484 ut
351 1451 457 1485 famis
484 1452 633 1486 inuadat
658 1452 699 1486 A.
725 1452 791 1486 846

238 1498 406 1531 inuenire
431 1512 475 1527 =
507 1498 707 1541 acquirere,
745 1498 813 1531 sibi
842 1507 996 1540 parare:

288 1544 480 1577 inuenietis
518 1554 598 1577 eum
640 1554 780 1577 carnem
822 1543 998 1577 inuenisse

286 1599 347 1633 pro
373 1589 474 1623 nobis
499 1591 541 1623 A.
566 1589 611 1623 54
645 1589 706 1632 (cf.
734 1589 861 1623 Plaut.
893 1589 995 1632 Oapt.

286 1637 382 1679 4385
419 1635 566 1669 Blc'itter
598 1635 626 1677 f.
652 1635 687 1669 d.
714 1635 834 1679 bayer.
863 1635 997 1678 Gymn.

298 1681 326 1715 V
343 1691 381 1724 p.
409 1683 493 1723 197)

242 1727 468 1761 inuentiones
495 1726 630 1761 diabuli
656 1727 698 1760 A.
726 1727 792 1761 152

242 1772 398 1806 inuideri
425 1788 466 1802 =
493 1772 663 1807 inuidere
687 1774 728 1808 A.
757 1772 822 1806 154

242 1819 457 1898 ἰῃιιίςέΙαωε
494 1829 593 1853 mens
621 1819 722 1853 bonis
754 1818 927 1862 inuigilat
959 1817 998 1852 ΙΙ

286 1865 318 1906 5,

239 1910 378 1943 inuisus
402 1924 448 1940 =
472 1921 550 1945 rnon
575 1912 676 1945 uisus
702 1910 744 1944 A.
769 1910 834 1944 831

239 1956 448 2000 inuitatque
479 1957 550 1990 sibi
582 1967 686 2001 quam
714 1956 848 1989 multas
873 1956 997 1999 gentes

287 2001 330 2035 ad
356 2002 477 2036 urbem
504 2005 544 2035 A.
570 2003 638 2036 893

238 2048 377 2081 inuitus
415 2063 459 2077 z
495 2048 624 2091 καίπερ
662 2048 762 2080 ἄκων
798 2050 815 2080 Ι
851 2047 906 2088 26,
944 2047 998 2081 23-
1028 2063 1030 2072 ·

1028 2099 1030 2114 ¹
1060 2093 1160 2126 iuxta
1196 2107 1241 2122 =
1273 2092 1492 2126 secundum:
1529 2093 1628 2126 iuxta
1665 2093 1816 2126 formam

242 2093 389 2173 i0c2‘3i4,=3
405 2140 623 2183 uoluptates,
651 2139 805 2173 deliciae
830 2138 869 2173 ΙΙ
897 2138 928 2179 7,
954 2138 975 2171 2

241 2185 481 2219 iocundentur
513 2185 653 2219 insulae
686 2186 823 2218 multae
855 2185 897 2218 A.
931 2184 998 2217 296
1028 2190 1029 2211 i

289 2231 411 2273 (hilm).
453 2233 493 2264 tu
519 2231 581 2275 qui
606 2230 808 2265 iocundaris
834 2230 871 2264 ΙΙ
898 2230 950 2271 17,
977 2230 997 2263 6
1027 2259 1029 2267 ,

242 2276 317 2319 ipse
340 2291 385 2305 =
411 2277 504 2310 idem
535 2278 550 2310 1
577 2276 607 2316 2,
637 2277 690 2310 11.
727 2277 758 2317 3,
785 2277 817 2310 9.
851 2277 881 2318 6,
910 2277 940 2310 1.
966 2276 996 2316 7,

292 2323 320 2358 7.
354 2322 410 2362 29,
436 2323 456 2356 6
483 2334 534 2367 sq.
571 2323 609 2356 ΙΙ
637 2323 688 2363 16,
716 2323 748 2356 9.
782 2322 834 2361 29,
864 2322 918 2356 18.
955 2322 997 2354 A.

287 2368 366 2401 294.
391 2369 470 2403 322.
495 2369 572 2402 335.
607 2369 685 2402 345.
710 2368 788 2402 377.
815 2369 892 2402 609.
919 2367 996 2402 823.

286 2414 363 2448 829.
389 2434 435 2440 —
459 2429 503 2444 Ξ
527 2415 593 2455 hie,
613 2416 652 2450 is,
671 2413 750 2447 ille:
775 2414 793 2448 I
811 2415 842 2454 6,
864 2414 916 2448 14.
943 2414 997 2454 29,

287 2460 339 2494 14.
368 2460 406 2494 ΙΙ
430 2460 461 2499 3,
491 2461 521 2494 7.
547 2462 588 2494 A.
606 2459 683 2495 247.
711 2461 789 2494 258.
814 2460 892 2493 264.
918 2459 997 2492 270.

285 2505 361 2539 370.
389 2507 467 2540 381.
500 2507 578 2540 393.
603 2506 682 2539 452.
714 2506 792 2540 553.
819 2505 894 2539 612.
920 2505 997 2538 615.

286 2551 364 2584 670.
383 2552 460 2585 762.
481 2553 569 2586 1020
587 2552 725 2595 (crebro
742 2555 898 2586 extremo
914 2561 997 2585 uer-

287 2606 351 2630 sus
377 2598 450 2632 Ioco
470 2598 656 2641 positum).
685 2617 727 2621 —
760 2612 805 2627 =
829 2597 906 2640 ipse
927 2607 997 2640 per

287 2652 340 2676 se:
381 2644 505 2677 deinde
539 2645 631 2687 quod
661 2644 737 2686 ipsa
762 2654 829 2676 non
859 2644 997 2686 patitur

288 2690 412 2722 nostra
449 2692 590 2731 natura,
628 2690 802 2722 infantem
836 2689 923 2722 fecit
957 2713 962 2719 .
989 2713 995 2720 .

288 2734 450 2778 proloqui
477 2736 519 2768 A.
545 2736 623 2769 630.
649 2754 696 2759 -
715 2745 786 2777 pro
803 2735 995 2778 reflexiuo:

288 2789 358 2812 non
392 2783 433 2814 ut
466 2781 521 2814 illi
556 2782 685 2824 putant
710 2781 828 2814 Dauid
854 2780 895 2814 de
921 2781 996 2823 ipso

285 2825 415 2859 referre
440 2827 481 2859 A.
507 2827 584 2860 452.
602 2847 648 2851 -
669 2837 740 2870 pro
758 2826 931 2860 articulo:
959 2826 994 2858 in

288 2871 431 2914 nuptias
458 2872 573 2905 fuerat
591 2873 768 2906 inuitatus
787 2875 898 2905 matre
917 2882 994 2905 cum
1026 2873 1027 2880 ¹

286 2916 364 2959 ipsa
381 2919 423 2951 A.
440 2918 517 2953 657.
536 2937 580 2942 -
598 2933 633 2947 z
659 2918 783 2952 ctiam:
803 2923 844 2951 ut
862 2917 995 2960 lapides
1027 2952 1028 2957 ¹

963 274 1099 308 Index

1108 398 1178 442 ipsi
1203 399 1404 443 liquescant
1430 400 1468 435 II
1487 400 1518 442 2,
1539 401 1592 435 12.
1609 419 1653 427 ——-
1680 403 1757 446 ipsa
1775 418 1820 434 =

1107 444 1260 479 domina
1285 445 1303 479 Ι
1330 446 1360 488 7,
1387 446 1406 479 7
1419 457 1428 488 ;
1455 446 1501 488 cf.
1527 453 1711 483 comment.

1063 490 1117 523 ira
1144 491 1308 525 caelestis
1334 490 1373 526 ΙΙ
1397 492 1431 532 2,
1460 492 1502 526 13

1061 536 1111 569 ire
1136 550 1182 565 =
1208 537 1317 579 abire,
1342 538 1564 580 praeterire:
1604 539 1675 573 iam
1709 551 1820 583 paene

1107 581 1280 661 {effetas
1306 594 1481 617 annorum
1500 595 1558 618 sex
1575 585 1724 619 milibus
1742 587 1819 621 ibat

1060 672 1129 706 iste
1154 687 1197 702 =
1222 673 1280 708 hic
1310 674 1327 707 Ι
1353 674 1384 715 2,
1410 674 1442 708 9.
1477 674 1509 717 3,
1535 675 1566 709 2.
1592 676 1648 717 25,
1676 677 1732 711 20.
1757 678 1814 719 26,

1107 719 1151 753 25
1176 722 1238 753 etc.

1061 764 1123 797 isti
1149 779 1192 793 Ξ
1218 765 1300 799 istic
1325 765 1343 799 Ι
1367 765 1422 806 26,
1450 765 1470 799 9
1497 765 1566 808 (32,
1596 767 1679 811 125³)

1060 810 1191 843 iterum
1217 825 1259 839 =
1286 810 1415 845 deinde
1441 811 1458 845 I
1486 812 1588 853 14,1.
1614 814 1659 846 Α.
1676 813 1754 848 891.
1771 833 1817 839 —

1105 870 1150 884 =
1175 850 1239 890 asi:
1267 856 1309 889 de
1334 857 1467 900 duplici
1494 858 1594 901 ligno
1612 858 1697 899 dixi,
1722 871 1815 894 mors

1106 902 1200 935 unde
1226 904 1407 945 processit,
1433 906 1468 936 et
1482 904 1612 937 iterum
1633 904 1714 939 inde
1732 917 1816 949 pro-

1106 947 1224 982 cedere
1249 948 1362 981 uitam
1389 949 1592 992 frequenter
1617 950 1635 984 I
1653 951 1707 992 36,
1729 953 1743 985 1
1765 962 1817 995 sq.

1106 992 1213 1027 idolis
1228 994 1348 1036 seruit,
1367 995 1495 1028 iterum
1513 995 1693 1030 tricesima
1711 1008 1815 1041 quae·

1106 1039 1156 1071 rit
1181 1040 1222 1073 A.
1251 1039 1316 1073 695

1060 1084 1178 1118 iubere
1210 1099 1254 1114 =
1286 1095 1427 1130 coyere:
1466 1085 1579 1120 Adam
1617 1087 1808 1131 degustato

1106 1140 1210 1174 pomo
1236 1132 1326 1164 mori
1351 1132 1469 1165 iussus
1488 1131 1645 1178 obi<u>it
1670 1134 1712 1166 A.
1731 1134 1813 1168 323.

1106 1195 1147 1200 --
1174 1176 1351 1211 adiuncto
1385 1180 1425 1211 ut
1458 1187 1485 1211 c.
1512 1180 1711 1213 coniuncc.:
1745 1190 1814 1214 non

1106 1232 1184 1255 sum
1218 1232 1283 1265 ego
1310 1225 1411 1256 uates
1446 1234 1508 1257 nec
1543 1223 1662 1258 doctor
1695 1225 1814 1259 iussus

1105 1269 1146 1301 ut
1159 1278 1270 1302 essem
1284 1269 1326 1302 A.
1341 1269 1394 1304 61.
1413 1289 1450 1293 —-
1468 1280 1547 1303 curm
1560 1272 1816 1306 coniunctium

1105 1313 1315 1393 Emma7nuel
1335 1339 1342 1347 .
1357 1339 1366 1347 .
1384 1318 1539 1358 uocetur,
1564 1316 1720 1351 iusserat
1733 1317 1817 1351 illos

1060 1404 1279 1439 iudaeidiare
1305 1406 1322 1439 I
1348 1406 1391 1440 37
1417 1406 1526 1440 inser.

1060 1450 1233 1484 iudicium
1265 1451 1348 1485 dare
1381 1462 1441 1495 per
1474 1454 1595 1496 ignem
1627 1453 1665 1488 ΙΙ
1699 1454 1729 1494 1,
1755 1454 1812 1488 48.

1107 1497 1259 1576 inguiuls
1272 1497 1448 1531 iudicium
1467 1508 1546 1532 cum
1565 1499 1815 1545 ue<ne)ri(n)t

1059 1588 1186 1632 iugum
1212 1588 1302 1622 ferre
1328 1604 1371 1619 --
1404 1600 1441 1623 se
1465 1589 1645 1625 subicere:
1684 1591 1809 1635 iugum

1106 1635 1195 1667 ferre
1220 1634 1332 1668 labori
1367 1635 1384 1669 Ι
1410 1635 1464 1675 34,
1494 1637 1523 1669 1.
1572 1637 1698 1681 iugum
1725 1639 1813 1671 ferre

1107 1680 1208 1713 bonis
1235 1681 1431 1724 praeceptis
1457 1682 1499 1715 A.
1529 1682 1594 1715 199

1059 1726 1175 1759 iunior
1200 1725 1218 1759 I
1243 1727 1298 1768 36,
1324 1727 1356 1760 6.
1382 1727 1437 1767 39,
1466 1728 1518 1761 11.
1544 1728 1586 1761 A.
1613 1727 1679 1761 252

1059 1772 1271 1816 inrigare(‘:')
1302 1773 1339 1805 A.
1363 1772 1430 1806 441

1060 1818 1138 1851 iura
1163 1817 1336 1852 uacillant
1368 1821 1408 1852 A.
1441 1818 1519 1853 588.
1554 1839 1594 1843 -
1632 1833 1678 1848 =
1703 1819 1813 1864 leyes:

1107 1863 1163 1897 illi
1188 1863 1314 1907 legunt
1339 1864 1419 1898 iura
1444 1865 1485 1898 A.
1512 1864 1578 1899 593

1060 1909 1157 1943 iussa
1182 1909 1305 1944 diuina
1322 1924 1367 1939 =
1383 1910 1560 1944 mandata
1578 1910 1612 1944 d.
1638 1910 1676 1944 ΙΙ
1697 1911 1749 1951 16,
1770 1911 1813 1944 16

1060 1955 1157 1988 iusta
1181 1969 1224 1984 ε
1249 1966 1359 1989 saera
1384 1957 1426 1988 A.
1451 1956 1518 1989 489

1028 2005 1030 2012 ⁴
1060 2001 1201 2034 iustitia
1237 2001 1327 2043 legis
1358 2016 1401 2030 =
1438 2002 1561 2044 officia
1599 2002 1674 2046 leye
1706 2012 1814 2045 prac-

1105 2046 1247 2090 scripta
1272 2047 1311 2081 ΙΙ
1336 2047 1391 2088 34,
1418 2047 1437 2080 7

1105 2149 1224 2171 eorum
1250 2139 1290 2172 A.
1319 2139 1394 2172 111.
1421 2140 1520 2172 iuxta
1544 2139 1748 2182 prophetias
1773 2138 1815 2172 A.

1104 2184 1181 2218 532.
1207 2204 1252 2210 -
1276 2198 1321 2215 =
1345 2184 1387 2218 in
1409 2185 1620 2228 propinquo
1638 2184 1676 2218 II
1694 2185 1749 2225 20,
1769 2185 1815 2218 20

1058 2288 1210 2342 Kapere
1236 2298 1253 2332 1
1279 2298 1334 2340 35,
1363 2298 1405 2332 10

1027 2351 1028 2359 ¹
1059 2344 1187 2389 kapini
1212 2344 1250 2378 II
1278 2344 1329 2386 19,
1361 2345 1403 2378 10

1059 2449 1180 2494 Labia
1205 2459 1338 2492 luxaris
1364 2459 1402 2492 ΙΙ
1428 2458 1481 2497 35,
1510 2458 1528 2491 7

1058 2505 1158 2539 labor
1182 2519 1227 2533 =
1247 2515 1321 2548 pro
1338 2504 1498 2538 mercede
1525 2503 1676 2538 laboris:
1702 2503 1745 2536 de
1763 2503 1813 2536 la-

1106 2551 1185 2585 bore
1210 2552 1272 2584 tuo
1299 2554 1391 2584 dona
1416 2550 1454 2584 II
1481 2550 1533 2591 12,
1562 2548 1615 2582 12.
1663 2548 1700 2582 in
1726 2559 1814 2592 gazo

1104 2598 1284 2639 praeterea
1317 2596 1358 2630 de
1391 2596 1510 2630 labore
1543 2595 1686 2628 mittere
1712 2594 1814 2628 debes

1102 2642 1141 2676 II
1166 2642 1220 2683 31,
1248 2642 1292 2676 14

1057 2688 1223 2722 lacrimae
1246 2702 1292 2717 =
1309 2697 1367 2721 res
1383 2686 1587 2730 familiaris
1604 2697 1685 2720 eum
1702 2686 1811 2719 lacri-

1102 2734 1170 2768 mis
1204 2734 1360 2768 aliorum
1390 2736 1520 2777 parta:
1559 2732 1669 2765 donas
1702 2734 1743 2765 tu
1769 2732 1811 2764 de

1103 2779 1260 2813 lacrimis
1279 2779 1317 2813 ΙΙ
1335 2779 1390 2820 24,
1411 2779 1454 2812 10
1469 2777 1530 2821 (cf.
1549 2778 1672 2819 Lucis.
1689 2777 1811 2812 Calar.

1100 2836 1138 2869 p.
1166 2827 1244 2867 145,
1271 2827 1317 2858 13
1341 2825 1410 2858 H.:
1448 2826 1478 2857 si
1513 2823 1734 2867 eleemosyna
1760 2825 1814 2856 est

1104 2872 1185 2912 ista,
1210 2881 1316 2915 quam
1343 2870 1384 2904 de
1404 2870 1562 2904 lacrimis
1588 2869 1652 2903 das
1670 2869 1811 2907 alienis)

1060 2917 1196 2950 lactans
1221 2931 1266 2945 =
1291 2916 1474 2959 paruulus
1499 2915 1537 2949 ΙΙ
1563 2915 1594 2957 2,
1622 2915 1653 2948 8.
1680 2914 1723 2948 Α.
1740 2915 1807 2948 412
