1934 3278
248 228 326 268 112
892 224 1088 258 Luciferi

242 356 380 394 autem
412 353 556 405 laqueo
585 353 795 392 morietur.
859 351 993 392 adhuc
1027 351 1178 392 dicitur
1211 351 1261 392 de
1292 352 1355 392 te:
1387 366 1462 394 rex
1493 354 1636 394 audax
1667 355 1734 395 in-

241 421 350 462 cidet
379 421 427 461 iii
457 420 582 462 mala.
643 420 788 472 utique
819 419 1004 460 incidisti
1036 421 1075 460 in
1097 421 1199 461 haec
1222 420 1345 468 mala,
1380 421 1477 473 quia
1498 422 1598 462 nihil
1621 423 1728 475 sapi-

242 489 375 530 entiae
416 488 492 530 tibi
523 489 754 542 reliqueris,
793 488 982 541 negando
1013 489 1180 529 unicum
1214 489 1278 529 dei
1310 489 1455 539 filium,
1497 491 1571 531 sed
1600 491 1734 532 totum

238 558 370 598 temet
398 557 576 600 uerteris
606 557 646 597 in
680 557 914 606 stultitiam,
949 569 1054 609 quae
1085 570 1151 598 res
1180 558 1361 598 effecerit
1380 559 1422 599 te
1444 560 1630 600 mactare
1655 559 1731 601 deo

241 638 371 667 caros.
434 626 632 679 scriptum
666 626 750 666 est:
790 627 959 678 sapiens
991 627 1168 668 timendo
1198 626 1426 668 declinabit
1455 641 1482 668 a
1512 628 1636 675 malo,
1668 629 1733 669 iii—

239 695 398 747 sipiens
420 696 557 735 autem
583 694 778 735 miscetur
798 695 1004 747 confidens
1028 696 1189 747 iniquo.
1222 707 1300 736 non
1321 695 1485 748 legeras
1508 697 1730 749 scriptum:

241 764 313 816 qm·
346 763 636 805 contumeliam
676 763 780 815 facit
812 764 999 817 pauperi
1039 765 1192 805 inritat
1222 778 1323 813 eum,
1364 765 1436 816 qui
1466 765 1565 816 feeit
1594 766 1730 818 illum,

239 833 285 873 ut
315 831 576 873 innocentem
606 832 746 872 tecum
778 844 851 872 nos
881 832 1115 873 interficere
1146 833 1363 874 traheres?
1424 833 1457 874 si
1491 833 1599 874 enim
1631 846 1731 875 con-

238 901 455 942 tumeliam
485 900 656 941 facienti
687 900 880 940 irascitur
913 900 1027 950 deus,
1062 902 1213 954 quanto
1244 901 1378 954 magis
1412 902 1460 950 ei,
1501 902 1570 954 qui
1600 902 1731 942 inter-

237 968 384 1012 fecerit
416 969 504 1009 eius
536 969 814 1009 sacerdotem!
868 969 1067 1021 scriptum
1101 969 1233 1010 adhuc
1266 982 1344 1011 non
1375 970 1607 1012 retinebas:
1648 971 1731 1012 im'-

239 1041 343 1080 tium
359 1038 456 1079 uiae
472 1038 599 1078 bonae
613 1038 751 1090 faeere
771 1038 909 1089 iusta,·
929 1041 1098 1091 accepta
1114 1042 1249 1080 autem
1266 1042 1364 1079 sunt
1384 1039 1500 1091 apud
1517 1039 1732 1080 dominum

237 1108 373 1161 mayis
393 1120 520 1160 quam
542 1105 760 1147 immolare
779 1105 952 1155 hostias,
975 1106 1021 1146 ut
1041 1107 1087 1147 tu
1107 1106 1262 1147 iniusta
1283 1119 1356 1148 nos
1374 1107 1510 1148 facere
1532 1110 1731 1160 cogeres?

239 1176 312 1218 sed
335 1176 376 1216 et
400 1174 479 1216 alio
502 1174 544 1214 in
564 1173 677 1215 loco:
711 1174 784 1227 qui
805 1176 963 1216 iustum
983 1178 1106 1216 uocat
1125 1176 1343 1226 iniustum,
1365 1176 1572 1217 iniustum
1594 1179 1732 1217 autem

237 1248 284 1286 nt
319 1246 489 1297 iustum,
532 1242 828 1284 abominabilis
867 1246 927 1284 est
962 1245 1077 1296 apud
1116 1244 1248 1286 deum,
1312 1244 1610 1285 abominabiles
1644 1244 1730 1285 sine

239 1313 361 1355 dubio
395 1325 593 1362 essemus,
642 1313 676 1353 si
713 1313 755 1353 te
800 1312 957 1353 iustum
995 1313 1354 1365 pronuntiaremus
1395 1313 1436 1353 et
1475 1313 1611 1354 uirum
1653 1313 1730 1354 deo

238 1383 456 1435 acceptum
487 1381 762 1423 Athanasium
792 1380 991 1422 iniustum
1022 1381 1316 1423 judicaremus.
1377 1383 1543 1435 mirari,
1583 1382 1729 1435 inquit,

229 1465 457 1505 personam
478 1451 603 1503 impii
623 1463 710 1491 non
731 1453 790 1491 est
805 1451 967 1500 bonum,
991 1464 1118 1502 neque
1135 1453 1327 1492 sanetum
1343 1450 1556 1492 declinare
1572 1452 1730 1492 iustum

238 1525 281 1561 in
312 1520 480 1561 iudicio.
540 1519 587 1559 tu
620 1518 723 1560 dicis
757 1519 912 1568 contra,
947 1519 1015 1571 qui
1045 1519 1087 1559 in
1118 1518 1234 1571 impii
1265 1531 1442 1572 persona
1472 1518 1627 1560 uideris
1652 1519 1726 1559 de-

238 1589 441 1641 scriptus:
476 1588 675 1629 damnate
700 1588 917 1639 insontem,
950 1588 1108 1628 imitati
1129 1601 1264 1629 meam
1279 1601 1526 1639 personam3
1561 1588 1601 1628 et
1630 1588 1730 1628 licet

236 1660 337 1700 haec
370 1670 444 1698 nos
475 1656 613 1697 facere
655 1655 856 1708 coegeris,
890 1668 995 1708 quae
1027 1655 1144 1697 nobis
1174 1656 1343 1708 possent
1376 1656 1498 1697 deum
1530 1668 1729 1708 quaerere

235 1727 400 1775 iratum,
421 1726 562 1766 tamen
585 1724 799 1765 hortamur
819 1724 862 1764 te
883 1723 1098 1764 inimicum
1116 1724 1327 1777 sospitatis
1344 1725 1510 1765 nostrae
1534 1737 1581 1765 ex
1601 1724 1728 1777 impio

235 1796 347 1849 pium
380 1795 482 1844 fieri,
516 1794 679 1835 saluum
704 1806 751 1834 ex
775 1805 912 1846 aegro,
945 1793 1088 1834 uiuum
1121 1806 1168 1834 ex
1199 1794 1375 1843 mortuo,
1407 1793 1648 1846 religiosum
1682 1806 1729 1834 ex

236 1864 450 1917 sacrilego.

290 1932 464 1973 XXVII.
498 1930 630 1979 Vnde,
663 1930 814 1982 inquis,
847 1931 950 1970 haec
985 1930 1157 1982 adsequi
1190 1931 1363 1983 potero?
1397 1931 1544 1983 quibus
1573 1931 1727 1971 rebus?

237 2001 377 2042 desine
400 2000 592 2053 persequi
616 1999 681 2040 dei
707 1999 887 2049 domum,
914 1998 1054 2039 desine
1077 1999 1332 2051 proscribere
1357 1998 1574 2051 deportare
1595 1998 1726 2040 inter-

233 2069 358 2110 ficere
392 2069 479 2109 eius
512 2081 667 2117 seruos,
707 2068 838 2108 fatere
878 2068 920 2108 te
954 2067 1247 2118 Christianum,
1290 2079 1483 2109 execrare
1515 2067 1728 2108 nobiscum

234 2138 448 2179 cateruam
495 2136 727 2178 commento
780 2136 935 2177 diaboli
989 2136 1221 2189 quaesitam
1267 2136 1555 2185 Arrianorum,
1603 2136 1726 2177 crede

234 2207 356 2248 sicuti
388 2205 596 2247 credimus
629 2218 715 2254 nos,
750 2206 819 2258 qui
853 2218 900 2246 ex
921 2206 1137 2247 beatorum
1162 2206 1440 2258 apostolorum
1463 2205 1725 2246 successione

234 2288 378 2317 sumus
411 2276 605 2328 episcopi,
639 2277 836 2318 confitere
861 2277 1030 2318 unicum
1055 2276 1120 2317 dei
1142 2275 1287 2325 filium,
1322 2274 1444 2316 sicuti
1466 2273 1527 2314 illi
1549 2273 1726 2314 confessi

234 2345 329 2385 sunt
378 2356 424 2385 ac
472 2357 545 2386 nos
591 2345 856 2393 confitemur;
910 2346 951 2386 et
995 2345 1159 2386 ueniam
1206 2343 1470 2396 consequeris
1517 2342 1725 2382 tantorum

369 2490 384 2522 1
412 2489 512 2524 Prou.
539 2490 592 2530 13,
615 2491 654 2523 17
747 2491 767 2523 5
792 2490 839 2525 ib.
867 2491 920 2531 14,
941 2491 981 2525 16
1076 2492 1094 2525 7
1120 2491 1166 2525 ib.
1194 2491 1246 2531 14,
1265 2490 1307 2524 31
1404 2490 1445 2523 10
1468 2489 1515 2523 ib.
1536 2490 1588 2527 16,
1616 2490 1636 2521 5

233 2546 274 2578 13
299 2545 345 2579 ib.
372 2545 425 2584 17,
453 2545 494 2578 15
590 2546 630 2580 16
656 2546 701 2581 ib.
730 2547 782 2586 18,
810 2547 830 2579 5

298 2660 318 2692 4
344 2659 490 2693 efficerit
515 2671 558 2693 m.
586 2664 602 2694 l
729 2660 746 2692 7
772 2659 880 2693 faciat
908 2662 939 2699 (3
964 2670 1043 2702 exp.
1070 2670 1115 2692 m.
1140 2659 1224 2700 ree.)
1351 2657 1371 2691 8
1395 2657 1551 2691 traheres
1577 2659 1724 2702 scripsi,

229 2716 377 2751 traheris
410 2717 458 2750 Vv
585 2717 604 2750 9
632 2707 905 2751 interficerit'm.
931 2719 950 2749 1
1082 2715 1122 2748 11
1148 2715 1242 2748 uitae
1370 2714 1411 2747 14
1437 2717 1521 2758 aput
1545 2726 1588 2748 m.
1615 2718 1632 2748 1

232 2772 475 2807 abominabilis
501 2784 543 2806 m.
564 2777 581 2807 1
674 2774 713 2807 19
730 2773 853 2816 meam]
872 2772 993 2806 iniusti
1011 2772 1098 2805 add.
1116 2782 1143 2805 s.
1166 2771 1186 2804 l.
1205 2782 1249 2805 m.
1266 2782 1335 2804 ree.
1422 2771 1462 2804 21
1483 2773 1635 2805 ortamur

231 2831 273 2864 24
299 2830 434 2874 atsequi
458 2840 500 2863 m.
526 2833 545 2863 1
640 2830 682 2863 26
706 2830 811 2864 fateri
837 2841 879 2863 m.
904 2833 923 2862 1
1018 2828 1061 2863 28
1087 2828 1195 2862 secuti
1219 2839 1263 2861 m.
1288 2830 1307 2861 1

1753 975 1784 1000 10

1749 1322 1783 1347 15

1749 1671 1782 1695 20

1748 2011 1780 2036 25

1745 2352 1778 2377 30
