1934 3278
606 222 660 257 De
685 233 754 257 non
781 223 1020 258 conueniendo
1046 234 1122 259 cum
1147 225 1342 260 haereticis.
1674 230 1722 272 11

223 348 324 391 deus
369 362 462 390 cum
494 349 646 403 Israel,
683 361 826 390 omnes
861 349 946 402 filii
975 349 1178 402 Ephrem,
1221 352 1324 403 quia
1364 353 1402 393 si
1441 356 1478 394 te
1508 354 1726 395 existima-

222 418 336 459 ueris
358 418 614 471 praeualere
643 418 692 459 in
721 418 829 470 istis,
862 418 908 459 in
939 419 1089 472 fuyam
1120 423 1328 461 conuertet
1347 423 1384 461 te
1404 421 1602 463 dominus
1623 426 1723 464 ante

221 487 431 531 inimicos.
464 486 568 539 quia
588 489 646 528 est
666 487 808 528 uirtus
830 501 858 528 a
878 489 1058 530 domino.
1093 501 1273 542 quonam
1289 489 1412 531 modo
1434 490 1728 533 resisteremus

224 557 371 598 contra
403 556 628 606 diabolum,
662 555 696 597 si
727 556 768 597 in
799 556 917 598 tanto
941 556 1099 598 scelere
1131 557 1273 599 uestro
1304 570 1566 600 curreremus
1588 559 1726 601 uobis-

189 633 320 666 ⁶cum
352 637 448 666 cum
479 625 669 667 hostibus
703 625 784 670 dei,
825 637 921 667 cum
955 626 1192 668 hominibus
1228 625 1410 669 inuentis
1452 628 1539 669 sine
1580 628 1729 669 notitia

225 693 306 743 dei,
349 707 443 735 cum
484 693 608 735 deum
647 706 727 735 non
766 694 1029 744 habentibus,
1068 696 1109 735 in
1149 707 1253 749 quos
1293 696 1508 737 cateruam
1547 696 1730 738 sciamus

225 775 317 805 esse
365 763 641 805 daemonum?
701 774 835 816 neque
876 763 986 804 enim
1026 763 1202 816 potestis
1249 776 1323 806 uos
1371 777 1461 807 esse
1508 766 1731 818 negatores

224 831 337 873 unici
359 831 435 873 filii
459 831 525 874 dei
548 832 636 874 sine
660 831 903 882 daemoniis,
927 844 1022 873 cum
1043 832 1335 886 blasphemare
1357 845 1432 875 uos
1463 846 1542 875 non
1573 833 1732 875 faciant

225 902 303 944 nisi
341 901 403 943 illi
443 900 514 955 qui
554 901 700 943 uestra
737 899 1005 942 caecauerint
1042 900 1182 951 corda,
1223 913 1273 942 ne
1312 901 1516 943 uidelicet
1545 901 1677 955 possit
1709 914 1732 942 a

173 980 208 1009 10
224 970 343 1012 uobis
374 969 532 1011 ueritas
563 968 855 1023 conprehendi.

283 1039 332 1080 V.
378 1037 690 1092 Numquidnam
740 1038 1010 1091 potueramus
1056 1039 1098 1080 in
1150 1039 1293 1081 uestra
1349 1038 1555 1080 demorari
1600 1038 1731 1091 parte,

226 1107 461 1150 consentire
478 1106 632 1149 uestris
652 1106 993 1160 flagitiosissimis
1009 1107 1365 1157 meditationibus,
1389 1120 1483 1149 cum
1506 1120 1578 1161 per
1594 1106 1733 1149 Dauid

226 1177 456 1231 gloriosum
489 1175 604 1217 dicat
633 1175 803 1229 spiritus
835 1176 1006 1217 sanctus
1038 1188 1116 1217 non
1151 1188 1242 1217 esse
1272 1176 1420 1218 beatos
1443 1176 1522 1217 nisi
1561 1187 1631 1216 eos
1663 1174 1733 1228 qui

228 1258 272 1287 se
306 1244 584 1287 abstraxerint
630 1256 654 1285 a
692 1244 810 1286 uobis
853 1245 965 1286 unici
1003 1243 1078 1286 filii
1123 1244 1190 1286 dei
1228 1244 1511 1297 negatoribus,
1554 1256 1624 1285 eos
1663 1243 1733 1296 qui

176 1322 209 1347 ¹⁵
228 1313 475 1367 serpentinis
515 1312 839 1366 cogitationibus
877 1313 1029 1354 uestris
1068 1326 1146 1355 non
1198 1326 1242 1355 se
1288 1313 1533 1354 miscuerint
1586 1312 1734 1353 beatos

227 1383 391 1424 tantum
423 1384 670 1423 mansuros?
730 1382 874 1423 beatus
905 1383 978 1435 qui
1007 1396 1095 1423 non
1117 1382 1224 1423 abiit
1242 1384 1290 1423 in
1312 1382 1487 1424 consilio
1508 1382 1735 1434 impiorum

228 1454 268 1493 et
296 1452 345 1493 in
382 1452 458 1492 uia
495 1454 758 1503 peccatorum
796 1464 882 1491 non
920 1451 1031 1492 stetit
1070 1453 1108 1491 et
1145 1451 1193 1491 in
1230 1450 1432 1492 cathedra
1461 1449 1736 1502 pestilentiae

228 1533 318 1563 non
346 1520 464 1562 sedit.
528 1518 734 1572 quomodo
768 1519 879 1560 esset
909 1518 1029 1561 uobis
1063 1519 1104 1560 et
1134 1518 1252 1560 nobis
1273 1518 1395 1560 unius
1415 1518 1498 1560 loci
1521 1518 1735 1560 conuenti-

231 1588 401 1630 culum‘?
461 1600 556 1629 cum
604 1587 750 1628 audias
795 1587 898 1628 item
937 1587 1075 1628 Dauid
1116 1587 1255 1628 dicere
1300 1587 1341 1628 in
1387 1587 1549 1640 psalmo
1596 1588 1736 1628 sexto:

179 1664 212 1690 20
231 1658 426 1700 discedite
457 1671 484 1698 a
515 1670 589 1708 me,
622 1657 696 1708 qui
726 1657 965 1708 operamini
995 1656 1280 1708 iniquitatem.
1341 1655 1374 1696 si
1406 1668 1485 1697 non
1509 1655 1735 1708 operamini

231 1726 396 1768 Arriani
417 1725 696 1779 iniquitatem,
714 1723 856 1765 iudica
874 1723 921 1764 tu
944 1724 1135 1777 princeps
1156 1723 1197 1764 in
1215 1723 1436 1777 sacrilegio
1454 1724 1737 1772 Arrianorum,

233 1795 302 1849 qui
334 1808 430 1836 cum
464 1794 653 1835 dicamus
688 1805 762 1835 nos
801 1791 1072 1842 Christianos,
1111 1792 1297 1834 horribili
1337 1793 1600 1834 animositate
1641 1804 1738 1845 per-

233 1863 432 1917 sequeris.
493 1863 608 1904 recte
639 1862 767 1915 igitur
800 1862 908 1904 scias
941 1873 1014 1903 nos
1036 1861 1186 1904 fecisse
1208 1861 1442 1903 recedendo
1467 1873 1490 1902 a
1512 1861 1630 1902 uobis
1661 1860 1737 1901 deo

234 1931 471 1974 odibilibus.
534 1929 742 1985 quomodo
792 1929 945 1971 etenim
992 1941 1067 1971 nos
1111 1929 1152 1970 in
1200 1930 1322 1971 coetu
1368 1930 1509 1971 uestro
1549 1929 1739 1970 omnibus

182 2016 216 2043 2⁵
233 2000 486 2043 facinoribus
516 1999 669 2041 infecto
700 2010 870 2039 manere
910 1998 952 2039 et
990 2010 1069 2039 non
1111 2009 1186 2039 uos
1227 1998 1366 2051 pestes
1394 2010 1439 2039 ac
1471 1997 1564 2039 lues
1594 1997 1739 2050 fugere

236 2069 465 2111 decuerat?
525 2081 620 2110 cum
660 2068 773 2109 dicat
811 2079 859 2108 ex
895 2079 1073 2120 persona
1109 2066 1249 2122 populi
1290 2066 1417 2108 nostri
1456 2066 1496 2107 in
1538 2066 1740 2107 uicesimo

236 2138 379 2191 quinto
411 2137 594 2191 psalmo:
633 2138 840 2190 quoniam
878 2137 1174 2178 misericordia
1213 2139 1288 2178 tua
1325 2140 1424 2178 ante
1464 2135 1603 2177 oculos
1632 2147 1741 2175 meos

236 2209 308 2255 est,
341 2209 378 2248 et
410 2206 634 2259 complacui
664 2207 712 2247 in
743 2206 921 2248 ueritate
951 2208 1038 2249 tua.
1091 2219 1178 2247 non
1208 2205 1295 2247 sedi
1326 2206 1374 2246 in
1404 2204 1580 2246 concilio
1610 2203 1739 2245 uani-

239 2275 341 2316 tatis
371 2277 408 2316 et
440 2287 534 2316 cum
565 2274 718 2326 iniqua
746 2273 984 2328 gerentibus
1014 2286 1099 2315 non
1140 2273 1333 2325 introibo,
1372 2273 1488 2314 odiui
1527 2271 1739 2313 ecclesiam

186 2358 220 2384 so
238 2343 574 2398 maliynantium
605 2346 643 2384 et
672 2356 764 2384 cum
795 2342 941 2394 impiis
961 2355 1048 2383 non
1067 2342 1218 2386 sedebo.
1272 2341 1305 2382 si
1329 2354 1407 2382 non
1432 2341 1496 2381 est
1517 2338 1740 2381 concilium

377 2515 418 2549 16
444 2514 500 2549 Ps.
529 2515 559 2554 1,
590 2516 601 2549 1
700 2514 743 2548 27
768 2513 824 2547 Ps.
851 2514 906 2552 215,
933 2513 953 2546 3

312 2667 328 2699 1
357 2664 474 2698 effrem
569 2663 590 2697 3
609 2673 756 2708 quonam
782 2661 884 2695 modo
910 2661 1057 2705 scripsi,
1087 2661 1140 2703 (ᾗῇ
1160 2658 1261 2693 modo
1282 2659 1313 2693 V
1330 2659 1368 2701 (i.
1387 2670 1412 2692 e.
1434 2657 1592 2702 quoniam
1618 2655 1746 2693 modo).

243 2722 412 2769 quomodo
431 2734 450 2756 v
545 2721 563 2755 7
583 2719 766 2755 demonum
786 2731 828 2753 m.
844 2722 862 2752 1
957 2718 977 2751 9
996 2717 1191 2751 cecauerint
1209 2720 1243 2751 et
1261 2716 1411 2759 saepius
1430 2715 1470 2748 in
1483 2715 1551 2748 hac
1570 2724 1654 2747 uoce

243 2781 286 2815 10
310 2780 411 2815 nobis
436 2790 456 2813 υ
567 2778 606 2812 11
633 2776 875 2820 numquitnam
987 2774 1028 2807 16
1052 2772 1166 2807 habiit
1282 2772 1325 2806 23
1351 2783 1429 2805 nos·
1463 2772 1517 2813 ‹ta›
1541 2779 1651 2813 eras.)

242 2838 287 2872 24
312 2840 391 2872 cetu
483 2835 527 2870 29
553 2834 700 2869 ecclesia
794 2832 837 2865 30
863 2830 1043 2865 concilium
1072 2842 1100 2870 v,
1127 2829 1309 2864 consilium
1342 2829 1372 2863 V
