1934 3278
561 218 615 252 Dc
641 219 761 252 sancto
787 216 980 252 Athanasio
1007 216 1095 251 liber
1119 216 1160 251 II.
1534 217 1616 260 165

115 345 343 388 Athanasio
375 344 578 387 uindicari
609 344 889 386 innocentiam
921 356 946 384 a
978 342 1068 392 deo,
1110 342 1179 396 qui
1211 356 1289 386 non
1321 344 1464 386 faueat
1492 343 1613 386 inno-

116 414 280 457 centiae
311 413 538 463 Athanasii,
572 414 681 455 sicut
712 414 754 455 et
791 425 895 457 nunc
929 412 1156 463 Susannae,
1196 412 1470 466 posteaquam
1511 425 1613 454 con-

115 484 223 526 stitit
238 483 354 524 illam
371 482 476 524 falso
498 481 669 524 crimine
691 480 879 534 petitam,
898 480 1094 534 pudicam
1118 481 1169 522 ab
1190 480 1427 533 impudicis,
1452 481 1613 529 castam

116 553 166 594 ab
199 551 412 600 adulteris,
448 550 513 592 dei
547 549 741 591 ancillam
774 562 798 590 a
829 549 960 590 seruis
994 549 1161 592 diaboli.
1222 548 1283 590 ita
1315 561 1338 590 a
1368 549 1489 592 uobis
1521 561 1612 591 ser-

80 635 96 660 ⁶
114 620 292 675 pentinis
309 619 407 661 filiis
425 620 596 661 satanae
619 618 810 672 pulsatus
834 619 898 659 est
919 618 1055 660 status
1076 618 1309 661 innocentis
1332 617 1409 661 deo
1431 617 1612 662 fideliter

115 689 354 735 seruientis3
378 688 453 730 sed
475 687 576 730 estis
596 687 806 741 prostrati.
829 687 968 728 iacent
991 687 1100 728 enim
1124 687 1261 728 omnia
1282 699 1443 728 uenena
1470 687 1612 728 uestra

116 758 270 800 uirtute
304 758 369 798 dei
400 757 665 806 mortificata,
714 756 919 810 siquidem
953 756 1084 798 omnis
1118 755 1256 798 anima
1286 743 1526 798 Christiana
1558 756 1612 796 sit

115 839 285 868 exorans
318 826 454 875 deum,
486 826 533 867 ut
564 825 673 867 sicut
704 825 936 866 Susannam
969 824 1163 878 dignetur
1202 824 1476 866 Athanasium
1508 823 1611 865 falso

114 896 270 949 eripere
302 895 487 947 crimino,
521 895 677 948 eripere
711 907 735 935 a
765 892 906 948 gladio
936 894 1009 935 tuo
1041 893 1262 943 carnificis,
1297 907 1320 934 a
1341 894 1414 947 tua
1432 892 1611 935 saeuitia

63 975 97 1001 ιο
112 964 359 1006 homicidae.
390 964 550 1005 interea
580 963 731 1005 iterum
765 963 888 1016 atque
920 962 1071 1003 iterum
1102 973 1244 1015 urgeo,
1268 962 1314 1003 ut
1335 962 1482 1003 uideas
1505 974 1610 1015 quac

114 1046 187 1074 uos
219 1032 415 1074 Arrianos
446 1031 603 1085 ceperit
640 1031 864 1080 dementia,
905 1043 1010 1084 quac
1053 1030 1398 1084 conprehenderit
1436 1029 1610 1072 insania.

110 1103 157 1142 ut
198 1100 407 1142 auderetis
453 1101 555 1142 haec
602 1099 831 1142 machinari
877 1099 918 1140 in
963 1099 1193 1141 innocentis
1238 1111 1396 1148 necem,
1445 1098 1609 1152 quando

111 1170 274 1212 sciretis
306 1169 429 1210 deum
452 1169 557 1209 scire
590 1169 729 1211 omnia
759 1167 999 1221 priusquam
1031 1167 1144 1209 fiant.
1179 1167 1254 1209 sed
1275 1179 1352 1210 non
1375 1168 1610 1209 mirandum

112 1239 146 1281 si
185 1239 286 1280 haec
329 1238 441 1279 circa
481 1237 757 1279 Athanasium
796 1237 921 1278 fuerit
958 1249 1037 1289 per
1070 1237 1110 1277 te
1152 1248 1199 1277 ac
1238 1236 1333 1278 tuos
1372 1237 1611 1279 constructa

61 1317 93 1343 ¹⁵
113 1308 331 1358 machina,
393 1305 730 1361 quandoquidem
783 1318 861 1346 11011
917 1304 1175 1346 dubitaueris
1233 1304 1370 1346 dicere
1429 1305 1479 1346 de
1534 1304 1610 1346 deo

111 1378 250 1431 patre:
295 1390 379 1418 non
409 1379 467 1418 est
500 1388 622 1418 uerus
644 1377 796 1428 patcr3
841 1388 927 1416 non
959 1375 1071 1416 enim
1110 1374 1231 1416 habet
1267 1387 1416 1416 uerum
1453 1373 1606 1427 filium.

112 1446 181 1499 qui
214 1446 321 1487 enim
354 1445 459 1487 dicis
492 1457 539 1486 ex
571 1443 698 1485 nihilo
732 1456 822 1485 esse
854 1443 986 1485 filium
1020 1442 1100 1493 dei,
1135 1442 1235 1496 quid
1257 1441 1371 1483 aliud
1395 1441 1500 1483 dicis
1532 1441 1608 1483 nisi

111 1514 210 1568 quia
255 1527 335 1556 non
384 1514 437 1558 sit
482 1526 606 1557 uerus
651 1513 797 1566 pater?
837 1525 929 1561 non,
970 1512 1152 1566 inquam,
1190 1511 1355 1560 mirum,
1396 1510 1431 1552 si
1470 1510 1510 1551 in
1544 1509 1609 1551 dei

111 1595 276 1624 seruum
309 1582 582 1626 Athanasium
615 1581 672 1623 sic
708 1580 1007 1637 exsurrexerisl,
1049 1580 1214 1633 quando
1252 1579 1294 1620 111
1335 1592 1450 1628 eum,
1491 1579 1609 1620 cuius

57 1658 91 1689 ²⁰.
114 1651 177 1694 est
217 1664 362 1693 seruus
400 1650 675 1696 Athanasius,
724 1650 889 1691 mittere
928 1661 1006 1690 non
1048 1648 1251 1690 dubitaris
1293 1647 1476 1689 funestas
1514 1648 1609 1689 tuas

109 1732 267 1761 manus.
331 1731 404 1760 nec
439 1718 546 1760 enim
577 1718 699 1764 latro,
739 1717 808 1771 qui
850 1717 1014 1758 domino
1057 1716 1204 1758 domus
1244 1728 1322 1757 11011
1362 1716 1608 1770 pepercerit,

108 1788 264 1842 poterit
296 1788 384 1831 eius
415 1800 585 1841 parcere
616 1785 827 1829 resistenti
860 1785 936 1827 sibi
970 1785 1167 1827 familiae.

165 1857 215 1898 X.
249 1856 332 1899 Sed
363 1856 447 1898 iam
469 1856 691 1898 redeamus
713 1855 766 1897 ad
788 1854 892 1896 illud
916 1854 1027 1908 quod
1049 1867 1121 1895 nos
1144 1854 1281 1895 facere
1303 1853 1606 1908 praecipiebas.

111 1923 271 1974 dixisti:
302 1926 503 1967 damnate
524 1925 823 1971 Athanasium.
857 1923 957 1977 quid
987 1922 1283 1973 interuenerat,
1317 1922 1363 1964 ut
1393 1935 1470 1964 non
1502 1923 1608 1964 facie

60 2004 93 2032 2⁶
112 1993 165 2042 ad
180 1994 330 2036 faciem
351 1994 470 2035 illum
493 1993 775 2035 uidissemus?
807 1993 905 2047 quid
930 1992 1085 2034 factum
1107 1991 1256 2040 fuerat,
1281 1991 1327 2032 ut
1348 2004 1426 2033 non
1445 2003 1607 2033 omnem

109 2062 322 2104 cardinem
352 2062 413 2104 rei
442 2063 613 2105 fuissem
645 2062 961 2116 perscrutatus?
1021 2074 1094 2111 cur
1125 2060 1286 2102 idoneis
1317 2060 1496 2102 testibus
1528 2072 1606 2102 non

111 2142 154 2172 es
185 2143 333 2183 passus
366 2130 544 2175 eundem
576 2130 790 2184 superari?
851 2129 1053 2183 numquid
1092 2129 1161 2170 uel
1201 2129 1276 2178 hos
1317 2129 1606 2175 sanctissimus

108 2197 297 2249 Danihel,
330 2199 425 2252 quin
458 2199 584 2250 immo
615 2211 688 2252 per
718 2198 965 2247 Danihelem
998 2197 1167 2252 spiritus
1199 2198 1367 2239 sanctus
1398 2197 1609 2243 inauditos

111 2266 351 2310 damnauit?
367 2268 547 2322 legimus
560 2268 717 2313 etenim
724 2267 954 2321 gloriosum
964 2266 1140 2310 Danihel
1152 2266 1304 2308 dixisse
1323 2266 1374 2307 ad
1386 2266 1582 2320 populum
1599 2277 1607 2303 ι

59 2340 299 2390 &separate
329 2350 396 2380 cos
426 2337 478 2379 ab
508 2338 727 2382 alterutro.
788 2339 826 2379 et
857 2338 1026 2380 uocauit
1066 2349 1197 2379 anum
1226 2349 1277 2377 ex
1306 2334 1397 2377 illis
1427 2338 1465 2376 et
1493 2336 1605 2377 dixit

109 2405 165 2447 ad
195 2404 339 2447 illum:
373 2406 598 2447 inueterata
629 2405 794 2447 dierum
817 2405 1038 2460 malorum,
1072 2418 1185 2446 nime
1207 2404 1411 2445 aduenere
1431 2406 1603 2456 peccata

243 2540 287 2574 30
299 2541 402 2583 Dan.
428 2541 562 2575 51-62

178 2666 195 2701 1
222 2677 243 2702 a
267 2665 331 2702 deo
356 2667 503 2711 scripsi,
529 2665 614 2702 adeo
650 2667 698 2702 νυ
790 2665 812 2700 2
838 2665 1004 2700 athanisii
1096 2666 1179 2706 tunc
1196 2664 1284 2707 fort.
1378 2664 1399 2701 3
1424 2663 1468 2704 ab
1494 2675 1542 2703 ea:
1565 2663 1608 2697 ad

111 2732 153 2755 m.
178 2732 248 2765 rec.
353 2723 373 2757 9
399 2733 416 2757 e
442 2722 583 2758 crimine
608 2723 696 2765 fort.
816 2721 855 2756 12
882 2721 1100 2756 ininnocentis
1212 2721 1253 2759 14
1278 2721 1307 2755 si
1332 2721 1481 2766 scripsi,
1507 2721 1554 2755 sit
1579 2720 1607 2754 si

111 2789 140 2817 υ,
166 2778 212 2812 sit
234 2779 283 2823 V;
307 2780 354 2823 cf.
379 2782 459 2819 174,
487 2783 530 2815 14
648 2780 688 2814 17
715 2779 802 2814 aliut
828 2791 869 2813 m.
898 2782 916 2813 1
1040 2778 1082 2812 24
1107 2777 1234 2812 facicm
1355 2778 1399 2812 26
1425 2777 1608 2812 fuissemus

109 2836 313 2878 perscrutati
340 2841 534 2881 exspectes,
561 2837 625 2871 secl
652 2837 707 2871 ita
732 2836 820 2871 solet
847 2835 1005 2870 uariare
