1934 3278
760 239 1005 283 Epistulae.
1554 242 1636 284 327

132 363 413 418 permittimur
434 363 591 405 uidere.
613 363 735 405 testis
758 364 822 405 est
845 364 985 405 autem
1009 364 1199 406 dominus
1222 364 1321 418 quia
1342 377 1417 407 nec
1441 367 1636 419 parentes

132 445 240 486 quos
271 433 403 474 habeo
435 432 551 485 potui
583 432 740 482 uidere,
775 444 824 473 ex
856 445 935 485 quo
966 433 1238 486 persecuntur
1271 445 1358 475 nos.
1392 433 1493 487 quid
1525 434 1634 476 enim

135 513 214 543 non
233 500 394 542 faciunt
415 500 607 542 Arriani?
637 500 787 542 itinera
809 501 1045 551 obseruant,
1073 513 1196 543 curas
1234 501 1363 555 agunt
1394 501 1444 543 de
1466 502 1636 555 profici-

136 569 347 612 scentibus
381 569 421 610 et
443 568 688 610 exeuntibus
720 567 771 610 de
797 568 983 619 ciuitate,
1015 581 1144 611 naues
1177 570 1395 623 quaerunt,
1427 571 1636 614 heremias

98 650 117 676 5
134 639 294 693 gyrant,
329 637 472 679 domos
502 637 758 691 perturbant,
791 638 1035 680 concutiunt
1065 638 1228 689 fratres,
1261 638 1435 693 singulis
1466 640 1636 694 negotia

134 707 393 749 concinnant.
436 705 511 747 sed
544 705 621 748 deo
651 705 825 760 gratias,
860 706 960 748 dum
991 707 1093 749 haec
1120 708 1261 760 agunt,
1293 707 1411 750 tanto
1432 708 1568 762 magis
1593 709 1634 750 et

133 775 227 828 plus
261 775 505 816 execrantur
546 775 596 816 ab
629 775 820 817 omnibus
863 776 904 817 et
941 777 1250 830 cognoscuntur
1288 789 1400 827 uere,
1446 778 1494 818 ut
1533 777 1637 819 dixit

134 843 337 886 sanctitas
367 844 455 894 tua,
487 843 699 897 mancipia
731 856 822 886 esse
856 843 1110 893 antichristi;
1159 846 1200 887 et
1229 845 1308 899 ipsi
1338 845 1494 897 miseri,
1537 845 1635 888 dum

131 912 173 953 in
206 911 301 954 odio
331 912 548 962 habentur,
583 911 734 954 durant
763 912 804 953 in
836 912 1099 967 malignitate
1132 926 1221 965 sua,
1255 914 1386 956 donec
1407 915 1542 957 morte
1566 916 1635 957 aui

80 991 114 1016 ιο
132 980 197 1023 sui
236 981 464 1023 Pharaonis
507 981 548 1022 et
577 981 656 1034 ipsi
688 981 948 1023 damnentur.
1011 982 1196 1024 salutant
1233 983 1479 1037 religionem
1516 984 1634 1025 tuam

131 1050 202 1104 qui
232 1062 398 1092 mecum
429 1050 543 1098 sunt3
578 1049 748 1103 dignare
782 1049 965 1093 salutare
997 1051 1067 1105 qui
1087 1052 1230 1094 tecum
1260 1052 1367 1094 sunt.
1402 1052 1545 1094 diuina
1568 1052 1636 1095 dei

129 1118 268 1172 gratia
282 1119 532 1162 incolumem
547 1120 604 1170 te,
622 1131 851 1161 memorem
867 1119 1010 1171 nostri,
1029 1133 1191 1174 semper
1207 1121 1379 1163 beatum
1399 1121 1633 1173 conseruet,

128 1188 278 1230 merito
300 1189 422 1230 homo
450 1188 529 1239 dei,
561 1188 716 1230 famule
750 1188 917 1239 Christi,
949 1189 1158 1243 particeps
1192 1189 1485 1243 apostolorum,
1519 1189 1632 1232 sola-

128 1256 234 1298 tium
265 1256 553 1308 fraternitatis,
586 1257 788 1310 magister
811 1258 1002 1299 ueritatis
1036 1259 1077 1300 et
1106 1258 1147 1299 in
1170 1258 1361 1300 omnibus
1384 1257 1631 1300 desideran-

77 1332 111 1358 1⁵
127 1325 302 1368 tissime.
706 1340 708 1343 ¹

579 1712 818 1767 LIBERII
827 1633 1177 1768 VliZISTVLA.

225 1831 539 1858 GLORIOSISSIMO
572 1832 826 1858 CONSTANTIO
859 1832 1050 1859 AVGVSTO
1079 1832 1272 1859 LIBERIVS
1304 1833 1534 1860 EPISCOPVS.

182 1893 290 1949 Opto
311 1894 653 1948 tranquillissime
674 1894 912 1948 imperator,
944 1895 991 1936 ut
1020 1894 1122 1936 mihi
1152 1895 1354 1949 benignas
1387 1907 1508 1937 aures
1539 1895 1630 1938 cle-

71 1980 106 2006 20
124 1964 282 2006 mentia
301 1965 376 2005 tua
395 1963 566 2014 tribuat,
589 1976 669 2017 quo
699 1963 854 2017 possim
874 1962 1186 2005 mansuetudini
1206 1963 1306 2005 tuae
1335 1964 1488 2006 mentis
1510 1976 1629 2006 meae

122 2033 382 2086 propositum
404 2033 576 2087 aperire.
610 2032 661 2074 de
684 2032 920 2075 Christiano
944 2032 1096 2074 etenim
1119 2023 1371 2085 imperatore
1395 2032 1436 2074 et
1457 2033 1629 2075 sanctae

93 2102 97 2105 ’
122 2102 349 2144 memoriae
381 2102 467 2144 filio
500 2100 759 2144 Constantini
790 2101 867 2143 hoc
893 2101 1030 2154 ipsum
1061 2101 1149 2143 sine
1181 2100 1446 2142 cunctatione
1468 2113 1632 2143 merear

121 2171 367 2226 impetrare3
400 2170 474 2213 sed
496 2170 535 2211 in
565 2182 611 2212 eo
642 2182 710 2212 me
730 2169 922 2212 laborare
944 2169 1158 2224 intellego,
1182 2169 1279 2223 quia
1299 2169 1480 2223 repetita
1502 2170 1630 2212 satis-

122 2239 302 2282 factione
324 2239 574 2293 placabilem
608 2238 734 2280 etiam
766 2239 878 2280 circa
907 2251 1001 2281 reos
1034 2238 1217 2280 animum
1247 2239 1365 2280 tuum
1386 2238 1428 2279 in
1449 2239 1629 2292 gratiam

192 2365 209 2398 1
236 2364 470 2409 permittimus
496 2364 556 2407 Vv,
582 2375 645 2398 em.
674 2363 705 2398 T
704 2363 793 2398 ilius
819 2364 860 2397 in
884 2363 996 2407 notis,
1021 2363 1262 2407 permittemur
1283 2362 1369 2398 Ven.
1462 2362 1484 2395 3
1509 2364 1629 2408 agunt]

119 2421 254 2456 habent
278 2422 356 2456 cod.
383 2422 495 2466 Sans).
590 2421 611 2454 4
636 2420 828 2476 aheremias
860 2421 899 2461 V,
926 2420 1089 2455 eremitas
1109 2420 1214 2463 Ghiff.
1309 2419 1330 2452 5
1348 2419 1497 2463 negotiis
1518 2431 1536 2453 v

119 2490 141 2523 '7
166 2489 252 2525 dicit
267 2502 288 2526 v
383 2490 426 2524 12
443 2499 643 2534 semperque
661 2489 816 2534 Papebr.
913 2489 955 2523 13
971 2489 1122 2524 famulae
1216 2489 1259 2522 14
1285 2489 1330 2533 et]
1350 2487 1411 2523 sed
1429 2489 1533 2531 Chiff.

187 2603 262 2639 vn.
288 2604 470 2649 Eq>istula
491 2607 644 2648 praeter
668 2603 828 2638 codicem
858 2603 892 2639 V
913 2603 1060 2637 Hilarii
1085 2602 1296 2647 fraqmeuto
1320 2601 1399 2636 cod.
1418 2601 1520 2637 Pin».
1541 2612 1626 2647 sup-

114 2660 324 2706 peditatur,
349 2661 449 2696 unde
475 2660 722 2696 (Ioustamtius
747 2671 827 2695 eam
851 2659 990 2703 edidit,·
1022 2659 1216 2694 Barom‘us
1250 2658 1302 2692 ad
1334 2669 1421 2693 amn.
1446 2661 1517 2693 354
1540 2670 1576 2694 π.
1601 2661 1628 2694 2

119 2718 272 2760 exhibet,
298 2718 381 2752 bibl.
402 2721 505 2762 patr.
531 2718 654 2752 Paris.
680 2728 760 2752 eam
785 2716 986 2761 exscripsit
1011 2727 1056 2751 ex
1072 2716 1236 2751 editione
1256 2715 1346 2750 Titii
1473 2725 1626 2752 emmo-

116 2784 266 2811 smsnto
292 2795 335 2802 —
352 2784 551 2810 srrscorvs
576 2775 687 2810 inser.
712 2776 744 2810 V
836 2774 878 2808 19
903 2775 985 2818 opto
1009 2774 1047 2816 V,
1072 2773 1214 2808 obsecro
1235 2771 1358 2807 Coust.
1452 2773 1496 2806 20
1512 2773 1625 2818 possit

117 2854 160 2859 —-
188 2842 352 2877 apparere
379 2831 503 2867 Coust.
596 2830 639 2865 21
667 2831 757 2866 enim
784 2832 907 2866 Coust.
1001 2829 1045 2864 23
1072 2830 1152 2874 quia
1178 2829 1314 2875 Coust„
1339 2829 1396 2874 qui
1427 2830 1478 2865 Vv
