<?xml version="1.0" encoding="UTF-8"?>
<!DOCTYPE html PUBLIC "-//W3C//DTD XHTML 1.0 Transitional//EN"
    "http://www.w3.org/TR/xhtml1/DTD/xhtml1-transitional.dtd">
<html xmlns="http://www.w3.org/1999/xhtml" xml:lang="en" lang="en">
 <head>
  <title>
</title>
<meta http-equiv="Content-Type" content="text/html;charset=utf-8" />
  <meta name='ocr-system' content='tesseract 3.04.00' />
  <meta name='ocr-capabilities' content='ocr_page ocr_carea ocr_par ocr_line ocrx_word'/>
</head>
<body>
  <div class='ocr_page' id='page_1' title='image "./corpusscriptorum14luciuoft_0131.png"; bbox 0 0 1934 3278; ppageno 0'>
   <div class='ocr_carea' id='block_1_1' title="bbox 571 247 1619 290">
    <p class='ocr_par' dir='ltr' id='par_1_1' title="bbox 571 247 1619 290">
     <span class='ocr_line' id='line_1_1' title="bbox 571 247 1619 290; baseline -0.001 -9"><span class='ocrx_word' id='word_1_1' title='bbox 571 248 624 282; x_wconf 90' lang='lat' dir='ltr'>De</span> <span class='ocrx_word' id='word_1_2' title='bbox 649 250 771 282; x_wconf 82' lang='lat' dir='ltr'>sancto</span> <span class='ocrx_word' id='word_1_3' title='bbox 796 247 993 282; x_wconf 81' lang='lat' dir='ltr'>Athanasio</span> <span class='ocrx_word' id='word_1_4' title='bbox 1019 247 1108 282; x_wconf 88' lang='lat' dir='ltr'>liber</span> <span class='ocrx_word' id='word_1_5' title='bbox 1132 247 1158 282; x_wconf 91' lang='grc' dir='ltr'>Ι.</span> <span class='ocrx_word' id='word_1_6' title='bbox 1566 249 1619 290; x_wconf 79' lang='grc'>79</span> 
     </span>
    </p>
   </div>
   <div class='ocr_carea' id='block_1_2' title="bbox 70 373 1629 2482">
    <p class='ocr_par' dir='ltr' id='par_1_2' title="bbox 70 373 1629 2482">
     <span class='ocr_line' id='line_1_2' title="bbox 118 373 1618 428; baseline 0 -12"><span class='ocrx_word' id='word_1_7' title='bbox 118 376 322 428; x_wconf 76' lang='lat' dir='ltr'>aduenae,</span> <span class='ocrx_word' id='word_1_8' title='bbox 347 374 531 427; x_wconf 80' lang='lat' dir='ltr'>orphani</span> <span class='ocrx_word' id='word_1_9' title='bbox 552 378 588 416; x_wconf 87' lang='lat' dir='ltr'>et</span> <span class='ocrx_word' id='word_1_10' title='bbox 609 374 782 425; x_wconf 80' lang='lat' dir='ltr'>uiduae,</span> <span class='ocrx_word' id='word_1_11' title='bbox 810 375 851 415; x_wconf 91' lang='lat' dir='ltr'>et</span> <span class='ocrx_word' id='word_1_12' title='bbox 866 374 913 415; x_wconf 90' lang='lat' dir='ltr'>tu</span> <span class='ocrx_word' id='word_1_13' title='bbox 934 374 1056 415; x_wconf 89' lang='lat' dir='ltr'>ludos</span> <span class='ocrx_word' id='word_1_14' title='bbox 1077 373 1153 415; x_wconf 91' lang='lat' dir='ltr'>tibi</span> <span class='ocrx_word' id='word_1_15' title='bbox 1176 374 1380 427; x_wconf 86' lang='lat' dir='ltr'>praebens</span> <span class='ocrx_word' id='word_1_16' title='bbox 1404 373 1455 415; x_wconf 90' lang='lat' dir='ltr'>de</span> <span class='ocrx_word' id='word_1_17' title='bbox 1478 376 1618 416; x_wconf 92' lang='lat' dir='ltr'>nostro</span> 
     </span>
     <span class='ocr_line' id='line_1_3' title="bbox 119 442 1616 497; baseline 0 -13"><span class='ocrx_word' id='word_1_18' title='bbox 119 443 320 497; x_wconf 85' lang='lat' dir='ltr'>sanguino</span> <span class='ocrx_word' id='word_1_19' title='bbox 352 442 514 484; x_wconf 76' lang='lat' dir='ltr'>dixisti:</span> <span class='ocrx_word' id='word_1_20' title='bbox 539 442 695 495; x_wconf 78' lang='lat' dir='ltr'>punite</span> <span class='ocrx_word' id='word_1_21' title='bbox 714 455 808 483; x_wconf 80' lang='lat' dir='ltr'>eam</span> <span class='ocrx_word' id='word_1_22' title='bbox 837 455 957 494; x_wconf 80' lang='lat' dir='ltr'>quem</span> <span class='ocrx_word' id='word_1_23' title='bbox 979 443 1189 495; x_wconf 73' lang='lat' dir='ltr'>iynoratis</span> <span class='ocrx_word' id='word_1_24' title='bbox 1209 443 1444 495; x_wconf 80' lang='lat' dir='ltr'>deliquisse.</span> <span class='ocrx_word' id='word_1_25' title='bbox 1478 443 1616 485; x_wconf 89' lang='lat' dir='ltr'>nolui-</span> 
     </span>
     <span class='ocr_line' id='line_1_4' title="bbox 119 509 1618 564; baseline 0 -11"><span class='ocrx_word' id='word_1_26' title='bbox 119 525 226 563; x_wconf 77' lang='lat' dir='ltr'>mus,</span> <span class='ocrx_word' id='word_1_27' title='bbox 274 511 505 559; x_wconf 80' lang='lat' dir='ltr'>Constanti,</span> <span class='ocrx_word' id='word_1_28' title='bbox 556 523 648 552; x_wconf 88' lang='lat' dir='ltr'>esse</span> <span class='ocrx_word' id='word_1_29' title='bbox 685 511 828 552; x_wconf 84' lang='lat' dir='ltr'>tecum</span> <span class='ocrx_word' id='word_1_30' title='bbox 867 509 1096 561; x_wconf 83' lang='lat' dir='ltr'>maledieti,</span> <span class='ocrx_word' id='word_1_31' title='bbox 1143 511 1186 552; x_wconf 90' lang='lat' dir='ltr'>te</span> <span class='ocrx_word' id='word_1_32' title='bbox 1226 511 1362 564; x_wconf 88' lang='lat' dir='ltr'>magis</span> <span class='ocrx_word' id='word_1_33' title='bbox 1402 511 1618 564; x_wconf 75' lang='lat' dir='ltr'>cupientes</span> 
     </span>
     <span class='ocr_line' id='line_1_5' title="bbox 121 579 1619 622; baseline 0.001 -1"><span class='ocrx_word' id='word_1_34' title='bbox 121 593 263 622; x_wconf 90' lang='lat' dir='ltr'>sumus</span> <span class='ocrx_word' id='word_1_35' title='bbox 296 580 513 622; x_wconf 86' lang='lat' dir='ltr'>nobiscum</span> <span class='ocrx_word' id='word_1_36' title='bbox 545 579 815 621; x_wconf 86' lang='lat' dir='ltr'>benedictum</span> <span class='ocrx_word' id='word_1_37' title='bbox 845 579 887 620; x_wconf 92' lang='lat' dir='ltr'>in</span> <span class='ocrx_word' id='word_1_38' title='bbox 919 580 1065 621; x_wconf 85' lang='lat' dir='ltr'>sancta</span> <span class='ocrx_word' id='word_1_39' title='bbox 1095 580 1273 621; x_wconf 83' lang='lat' dir='ltr'>inueniri</span> <span class='ocrx_word' id='word_1_40' title='bbox 1306 580 1499 622; x_wconf 84' lang='lat' dir='ltr'>ecclesia.</span> <span class='ocrx_word' id='word_1_41' title='bbox 1541 593 1619 622; x_wconf 93' lang='lat' dir='ltr'>non</span> 
     </span>
     <span class='ocr_line' id='line_1_6' title="bbox 85 648 1620 702; baseline 0.001 -13"><span class='ocrx_word' id='word_1_42' title='bbox 85 650 235 689; x_wconf 87' lang='lat' dir='ltr'>⁵tuam</span> <span class='ocrx_word' id='word_1_43' title='bbox 269 648 461 690; x_wconf 85' lang='lat' dir='ltr'>audimus</span> <span class='ocrx_word' id='word_1_44' title='bbox 491 659 654 698; x_wconf 80' lang='lat' dir='ltr'>uocem,</span> <span class='ocrx_word' id='word_1_45' title='bbox 696 660 804 701; x_wconf 87' lang='lat' dir='ltr'>quae</span> <span class='ocrx_word' id='word_1_46' title='bbox 845 660 919 689; x_wconf 91' lang='lat' dir='ltr'>nos</span> <span class='ocrx_word' id='word_1_47' title='bbox 952 648 1019 690; x_wconf 92' lang='lat' dir='ltr'>dei</span> <span class='ocrx_word' id='word_1_48' title='bbox 1050 648 1261 690; x_wconf 87' lang='lat' dir='ltr'>incurrere</span> <span class='ocrx_word' id='word_1_49' title='bbox 1294 648 1491 691; x_wconf 88' lang='lat' dir='ltr'>offensam</span> <span class='ocrx_word' id='word_1_50' title='bbox 1522 661 1620 702; x_wconf 88' lang='lat' dir='ltr'>pro-</span> 
     </span>
     <span class='ocr_line' id='line_1_7' title="bbox 118 715 1621 771; baseline 0.001 -13"><span class='ocrx_word' id='word_1_51' title='bbox 118 718 256 767; x_wconf 81' lang='lat' dir='ltr'>uocat,</span> <span class='ocrx_word' id='word_1_52' title='bbox 305 715 380 758; x_wconf 86' lang='lat' dir='ltr'>sed</span> <span class='ocrx_word' id='word_1_53' title='bbox 428 716 623 757; x_wconf 92' lang='lat' dir='ltr'>audimus</span> <span class='ocrx_word' id='word_1_54' title='bbox 660 716 818 771; x_wconf 83' lang='lat' dir='ltr'>Moysis</span> <span class='ocrx_word' id='word_1_55' title='bbox 864 717 973 757; x_wconf 89' lang='lat' dir='ltr'>serui</span> <span class='ocrx_word' id='word_1_56' title='bbox 1021 716 1176 758; x_wconf 88' lang='lat' dir='ltr'>domini</span> <span class='ocrx_word' id='word_1_57' title='bbox 1217 717 1415 759; x_wconf 85' lang='lat' dir='ltr'>dicentis:</span> <span class='ocrx_word' id='word_1_58' title='bbox 1461 718 1621 771; x_wconf 84' lang='lat' dir='ltr'>eterit,</span> 
     </span>
     <span class='ocr_line' id='line_1_8' title="bbox 119 785 1621 840; baseline 0 -13"><span class='ocrx_word' id='word_1_59' title='bbox 119 786 156 827; x_wconf 88' lang='lat' dir='ltr'>si</span> <span class='ocrx_word' id='word_1_60' title='bbox 200 799 288 827; x_wconf 86' lang='lat' dir='ltr'>non</span> <span class='ocrx_word' id='word_1_61' title='bbox 334 785 557 827; x_wconf 81' lang='lat' dir='ltr'>audieritis</span> <span class='ocrx_word' id='word_1_62' title='bbox 608 798 750 826; x_wconf 79' lang='lat' dir='ltr'>uocem</span> <span class='ocrx_word' id='word_1_63' title='bbox 793 785 957 826; x_wconf 89' lang='lat' dir='ltr'>domini</span> <span class='ocrx_word' id='word_1_64' title='bbox 1008 785 1077 827; x_wconf 87' lang='lat' dir='ltr'>dei</span> <span class='ocrx_word' id='word_1_65' title='bbox 1131 786 1280 840; x_wconf 83' lang='lat' dir='ltr'>uestri,</span> <span class='ocrx_word' id='word_1_66' title='bbox 1335 786 1539 828; x_wconf 81' lang='lat' dir='ltr'>custodire</span> <span class='ocrx_word' id='word_1_67' title='bbox 1583 789 1621 828; x_wconf 89' lang='lat' dir='ltr'>et</span> 
     </span>
     <span class='ocr_line' id='line_1_9' title="bbox 119 854 1622 909; baseline 0 -13"><span class='ocrx_word' id='word_1_68' title='bbox 119 854 257 906; x_wconf 82' lang='lat' dir='ltr'>facere</span> <span class='ocrx_word' id='word_1_69' title='bbox 295 855 440 896; x_wconf 88' lang='lat' dir='ltr'>omnia</span> <span class='ocrx_word' id='word_1_70' title='bbox 478 854 689 896; x_wconf 88' lang='lat' dir='ltr'>mandata</span> <span class='ocrx_word' id='word_1_71' title='bbox 727 854 838 905; x_wconf 76' lang='lat' dir='ltr'>eius,</span> <span class='ocrx_word' id='word_1_72' title='bbox 878 867 1158 907; x_wconf 78' lang='lat' dir='ltr'>quaecumque</span> <span class='ocrx_word' id='word_1_73' title='bbox 1195 868 1263 909; x_wconf 74' lang='lat' dir='ltr'>eqo</span> <span class='ocrx_word' id='word_1_74' title='bbox 1300 855 1510 897; x_wconf 80' lang='lat' dir='ltr'><em>mandabo</em></span> <span class='ocrx_word' id='word_1_75' title='bbox 1548 855 1622 897; x_wconf 87' lang='lat' dir='ltr'>tibi</span> 
     </span>
     <span class='ocr_line' id='line_1_10' title="bbox 119 922 1622 976; baseline 0.001 -13"><span class='ocrx_word' id='word_1_76' title='bbox 119 922 252 974; x_wconf 77' lang='lat' dir='ltr'>hodie,</span> <span class='ocrx_word' id='word_1_77' title='bbox 284 928 321 964; x_wconf 91' lang='lat' dir='ltr'>et</span> <span class='ocrx_word' id='word_1_78' title='bbox 340 923 511 964; x_wconf 81' lang='lat' dir='ltr'>uenient</span> <span class='ocrx_word' id='word_1_79' title='bbox 532 936 659 976; x_wconf 82' lang='lat' dir='ltr'>super</span> <span class='ocrx_word' id='word_1_80' title='bbox 679 926 716 964; x_wconf 87' lang='lat' dir='ltr'>te</span> <span class='ocrx_word' id='word_1_81' title='bbox 736 935 876 965; x_wconf 89' lang='lat' dir='ltr'>omnes</span> <span class='ocrx_word' id='word_1_82' title='bbox 897 923 1208 966; x_wconf 76' lang='lat' dir='ltr'>maledictiones</span> <span class='ocrx_word' id='word_1_83' title='bbox 1228 923 1306 966; x_wconf 83' lang='lat' dir='ltr'>hae</span> <span class='ocrx_word' id='word_1_84' title='bbox 1335 927 1372 965; x_wconf 90' lang='lat' dir='ltr'>et</span> <span class='ocrx_word' id='word_1_85' title='bbox 1400 924 1622 965; x_wconf 79' lang='lat' dir='ltr'>inuenient</span> 
     </span>
     <span class='ocr_line' id='line_1_11' title="bbox 70 991 1619 1048; baseline 0.004 -20"><span class='ocrx_word' id='word_1_86' title='bbox 70 1003 103 1028; x_wconf 75' lang='grc' dir='ltr'>ιο</span> <span class='ocrx_word' id='word_1_87' title='bbox 119 995 169 1034; x_wconf 88' lang='lat' dir='ltr'>te.</span> <span class='ocrx_word' id='word_1_88' title='bbox 201 991 448 1033; x_wconf 82' lang='lat' dir='ltr'>maledictus</span> <span class='ocrx_word' id='word_1_89' title='bbox 485 994 532 1032; x_wconf 79' lang='lat' dir='ltr'>tu</span> <span class='ocrx_word' id='word_1_90' title='bbox 571 992 620 1032; x_wconf 89' lang='lat' dir='ltr'>in</span> <span class='ocrx_word' id='word_1_91' title='bbox 649 992 835 1041; x_wconf 75' lang='lat' dir='ltr'>ciuitate,</span> <span class='ocrx_word' id='word_1_92' title='bbox 874 991 1123 1034; x_wconf 83' lang='lat' dir='ltr'>maledictus</span> <span class='ocrx_word' id='word_1_93' title='bbox 1159 996 1205 1034; x_wconf 79' lang='lat' dir='ltr'>tu</span> <span class='ocrx_word' id='word_1_94' title='bbox 1243 993 1293 1034; x_wconf 90' lang='lat' dir='ltr'>in</span> <span class='ocrx_word' id='word_1_95' title='bbox 1331 1006 1447 1048; x_wconf 79' lang='lat' dir='ltr'>a9r0,</span> <span class='ocrx_word' id='word_1_96' title='bbox 1487 993 1619 1034; x_wconf 87' lang='lat' dir='ltr'>male-</span> 
     </span>
     <span class='ocr_line' id='line_1_12' title="bbox 121 1059 1620 1116; baseline 0.001 -16"><span class='ocrx_word' id='word_1_97' title='bbox 121 1059 258 1101; x_wconf 89' lang='lat' dir='ltr'>dictae</span> <span class='ocrx_word' id='word_1_98' title='bbox 289 1059 510 1112; x_wconf 78' lang='lat' dir='ltr'>apothecae</span> <span class='ocrx_word' id='word_1_99' title='bbox 541 1063 638 1101; x_wconf 80' lang='lat' dir='ltr'>tuae</span> <span class='ocrx_word' id='word_1_100' title='bbox 668 1065 704 1101; x_wconf 88' lang='lat' dir='ltr'>et</span> <span class='ocrx_word' id='word_1_101' title='bbox 733 1073 840 1112; x_wconf 79' lang='lat' dir='ltr'>quae</span> <span class='ocrx_word' id='word_1_102' title='bbox 869 1062 971 1101; x_wconf 80' lang='lat' dir='ltr'>sunt</span> <span class='ocrx_word' id='word_1_103' title='bbox 1006 1060 1172 1114; x_wconf 78' lang='lat' dir='ltr'>reliqua</span> <span class='ocrx_word' id='word_1_104' title='bbox 1210 1064 1299 1116; x_wconf 79' lang='lat' dir='ltr'>tna,</span> <span class='ocrx_word' id='word_1_105' title='bbox 1339 1065 1376 1104; x_wconf 86' lang='lat' dir='ltr'>et</span> <span class='ocrx_word' id='word_1_106' title='bbox 1406 1061 1620 1103; x_wconf 86' lang='lat' dir='ltr'>maledicti</span> 
     </span>
     <span class='ocr_line' id='line_1_13' title="bbox 120 1128 1623 1180; baseline 0.003 -12"><span class='ocrx_word' id='word_1_107' title='bbox 120 1128 205 1180; x_wconf 76' lang='lat' dir='ltr'>filii</span> <span class='ocrx_word' id='word_1_108' title='bbox 237 1128 300 1169; x_wconf 82' lang='lat' dir='ltr'>tui</span> <span class='ocrx_word' id='word_1_109' title='bbox 321 1129 484 1170; x_wconf 83' lang='lat' dir='ltr'>uentris</span> <span class='ocrx_word' id='word_1_110' title='bbox 503 1131 539 1169; x_wconf 90' lang='lat' dir='ltr'>et</span> <span class='ocrx_word' id='word_1_111' title='bbox 560 1129 780 1170; x_wconf 76' lang='lat' dir='ltr'>nascentia</span> <span class='ocrx_word' id='word_1_112' title='bbox 801 1131 935 1170; x_wconf 85' lang='lat' dir='ltr'>terrae</span> <span class='ocrx_word' id='word_1_113' title='bbox 961 1132 1070 1180; x_wconf 79' lang='lat' dir='ltr'>tuae,</span> <span class='ocrx_word' id='word_1_114' title='bbox 1093 1133 1285 1171; x_wconf 85' lang='lat' dir='ltr'>armenta</span> <span class='ocrx_word' id='word_1_115' title='bbox 1305 1130 1427 1172; x_wconf 81' lang='lat' dir='ltr'>boum</span> <span class='ocrx_word' id='word_1_116' title='bbox 1457 1132 1623 1172; x_wconf 75' lang='lat' dir='ltr'>tuorum</span> 
     </span>
     <span class='ocr_line' id='line_1_14' title="bbox 120 1196 1625 1252; baseline 0.001 -15"><span class='ocrx_word' id='word_1_117' title='bbox 120 1199 157 1237; x_wconf 90' lang='lat' dir='ltr'>et</span> <span class='ocrx_word' id='word_1_118' title='bbox 185 1209 327 1250; x_wconf 74' lang='lat' dir='ltr'>yreyes</span> <span class='ocrx_word' id='word_1_119' title='bbox 364 1197 510 1238; x_wconf 80' lang='lat' dir='ltr'>ouium</span> <span class='ocrx_word' id='word_1_120' title='bbox 553 1200 740 1247; x_wconf 77' lang='lat' dir='ltr'>tuarum,</span> <span class='ocrx_word' id='word_1_121' title='bbox 773 1196 1019 1239; x_wconf 82' lang='lat' dir='ltr'>maledictus</span> <span class='ocrx_word' id='word_1_122' title='bbox 1048 1201 1094 1239; x_wconf 78' lang='lat' dir='ltr'>tn</span> <span class='ocrx_word' id='word_1_123' title='bbox 1124 1198 1173 1239; x_wconf 89' lang='lat' dir='ltr'>in</span> <span class='ocrx_word' id='word_1_124' title='bbox 1200 1212 1345 1252; x_wconf 75' lang='lat' dir='ltr'>yressu</span> <span class='ocrx_word' id='word_1_125' title='bbox 1367 1202 1450 1242; x_wconf 78' lang='lat' dir='ltr'>tuo,</span> <span class='ocrx_word' id='word_1_126' title='bbox 1489 1199 1625 1241; x_wconf 87' lang='lat' dir='ltr'>mittet</span> 
     </span>
     <span class='ocr_line' id='line_1_15' title="bbox 121 1264 1623 1322; baseline 0.003 -17"><span class='ocrx_word' id='word_1_127' title='bbox 121 1264 198 1305; x_wconf 80' lang='lat' dir='ltr'>tibi</span> <span class='ocrx_word' id='word_1_128' title='bbox 236 1265 434 1306; x_wconf 81' lang='lat' dir='ltr'>dominus</span> <span class='ocrx_word' id='word_1_129' title='bbox 483 1264 670 1306; x_wconf 81' lang='lat' dir='ltr'>taedium</span> <span class='ocrx_word' id='word_1_130' title='bbox 715 1268 753 1306; x_wconf 91' lang='lat' dir='ltr'>et</span> <span class='ocrx_word' id='word_1_131' title='bbox 792 1265 975 1319; x_wconf 78' lang='lat' dir='ltr'>thlipsen</span> <span class='ocrx_word' id='word_1_132' title='bbox 1011 1269 1048 1307; x_wconf 91' lang='lat' dir='ltr'>et</span> <span class='ocrx_word' id='word_1_133' title='bbox 1087 1267 1343 1309; x_wconf 72' lang='lat' dir='ltr'>anscietatem</span> <span class='ocrx_word' id='word_1_134' title='bbox 1381 1268 1429 1309; x_wconf 89' lang='lat' dir='ltr'>in</span> <span class='ocrx_word' id='word_1_135' title='bbox 1466 1268 1623 1322; x_wconf 81' lang='lat' dir='ltr'>omnia,</span> 
     </span>
     <span class='ocr_line' id='line_1_16' title="bbox 73 1333 1624 1391; baseline 0.003 -17"><span class='ocrx_word' id='word_1_136' title='bbox 73 1343 105 1369; x_wconf 87' lang='lat'>15</span> <span class='ocrx_word' id='word_1_137' title='bbox 122 1346 375 1386; x_wconf 80' lang='lat' dir='ltr'>quocumque</span> <span class='ocrx_word' id='word_1_138' title='bbox 405 1333 620 1374; x_wconf 86' lang='lat' dir='ltr'>inmiseris</span> <span class='ocrx_word' id='word_1_139' title='bbox 649 1346 826 1374; x_wconf 79' lang='lat' dir='ltr'>manum</span> <span class='ocrx_word' id='word_1_140' title='bbox 856 1337 986 1389; x_wconf 82' lang='lat' dir='ltr'>tuam,</span> <span class='ocrx_word' id='word_1_141' title='bbox 1025 1348 1304 1388; x_wconf 78' lang='lat' dir='ltr'>quaecumque</span> <span class='ocrx_word' id='word_1_142' title='bbox 1340 1337 1484 1391; x_wconf 81' lang='lat' dir='ltr'>facies,</span> <span class='ocrx_word' id='word_1_143' title='bbox 1526 1350 1624 1389; x_wconf 76' lang='lat' dir='ltr'>quo-</span> 
     </span>
     <span class='ocr_line' id='line_1_17' title="bbox 123 1401 1626 1456; baseline 0.002 -14"><span class='ocrx_word' id='word_1_144' title='bbox 123 1401 309 1454; x_wconf 75' lang='lat' dir='ltr'>adusque</span> <span class='ocrx_word' id='word_1_145' title='bbox 338 1401 558 1454; x_wconf 83' lang='lat' dir='ltr'>disperdat</span> <span class='ocrx_word' id='word_1_146' title='bbox 595 1404 632 1442; x_wconf 84' lang='lat' dir='ltr'>te</span> <span class='ocrx_word' id='word_1_147' title='bbox 669 1402 718 1442; x_wconf 82' lang='lat' dir='ltr'>in</span> <span class='ocrx_word' id='word_1_148' title='bbox 758 1401 875 1443; x_wconf 79' lang='lat' dir='ltr'>breui</span> <span class='ocrx_word' id='word_1_149' title='bbox 908 1406 1081 1455; x_wconf 84' lang='lat' dir='ltr'>propter</span> <span class='ocrx_word' id='word_1_150' title='bbox 1119 1404 1354 1456; x_wconf 80' lang='lat' dir='ltr'>nequitiam</span> <span class='ocrx_word' id='word_1_151' title='bbox 1390 1405 1626 1447; x_wconf 80' lang='lat' dir='ltr'>studiorum</span> 
     </span>
     <span class='ocr_line' id='line_1_18' title="bbox 123 1470 1624 1526; baseline 0.002 -15"><span class='ocrx_word' id='word_1_152' title='bbox 123 1473 304 1513; x_wconf 82' lang='lat' dir='ltr'>tuorum.</span> <span class='ocrx_word' id='word_1_153' title='bbox 338 1470 372 1511; x_wconf 91' lang='lat' dir='ltr'>si</span> <span class='ocrx_word' id='word_1_154' title='bbox 405 1482 484 1511; x_wconf 89' lang='lat' dir='ltr'>non</span> <span class='ocrx_word' id='word_1_155' title='bbox 517 1470 614 1511; x_wconf 87' lang='lat' dir='ltr'>sunt</span> <span class='ocrx_word' id='word_1_156' title='bbox 644 1470 758 1511; x_wconf 83' lang='lat' dir='ltr'>mala</span> <span class='ocrx_word' id='word_1_157' title='bbox 791 1470 932 1512; x_wconf 85' lang='lat' dir='ltr'>studia</span> <span class='ocrx_word' id='word_1_158' title='bbox 962 1471 1070 1513; x_wconf 82' lang='lat' dir='ltr'>falsa</span> <span class='ocrx_word' id='word_1_159' title='bbox 1108 1472 1275 1514; x_wconf 85' lang='lat' dir='ltr'>mittere</span> <span class='ocrx_word' id='word_1_160' title='bbox 1307 1473 1495 1522; x_wconf 70' lang='lat' dir='ltr'>crimina,</span> <span class='ocrx_word' id='word_1_161' title='bbox 1528 1486 1624 1526; x_wconf 88' lang='lat' dir='ltr'>per-</span> 
     </span>
     <span class='ocr_line' id='line_1_19' title="bbox 124 1538 1623 1591; baseline 0.004 -12"><span class='ocrx_word' id='word_1_162' title='bbox 124 1538 243 1591; x_wconf 87' lang='lat' dir='ltr'>sequi</span> <span class='ocrx_word' id='word_1_163' title='bbox 275 1538 341 1579; x_wconf 89' lang='lat' dir='ltr'>dei</span> <span class='ocrx_word' id='word_1_164' title='bbox 368 1538 564 1583; x_wconf 80' lang='lat' dir='ltr'>cultores,</span> <span class='ocrx_word' id='word_1_165' title='bbox 600 1538 667 1579; x_wconf 91' lang='lat' dir='ltr'>dei</span> <span class='ocrx_word' id='word_1_166' title='bbox 698 1538 980 1580; x_wconf 81' lang='lat' dir='ltr'>idololatriam</span> <span class='ocrx_word' id='word_1_167' title='bbox 1011 1539 1278 1581; x_wconf 82' lang='lat' dir='ltr'>introducere</span> <span class='ocrx_word' id='word_1_168' title='bbox 1310 1540 1350 1581; x_wconf 88' lang='lat' dir='ltr'>in</span> <span class='ocrx_word' id='word_1_169' title='bbox 1385 1541 1623 1585; x_wconf 82' lang='lat' dir='ltr'>ecclesiam.</span> 
     </span>
     <span class='ocr_line' id='line_1_20' title="bbox 123 1605 1624 1662; baseline 0.003 -16"><span class='ocrx_word' id='word_1_170' title='bbox 123 1619 248 1647; x_wconf 88' lang='lat' dir='ltr'>manu</span> <span class='ocrx_word' id='word_1_171' title='bbox 264 1606 436 1647; x_wconf 89' lang='lat' dir='ltr'>militari</span> <span class='ocrx_word' id='word_1_172' title='bbox 458 1605 649 1659; x_wconf 85' lang='lat' dir='ltr'>iugulare</span> <span class='ocrx_word' id='word_1_173' title='bbox 672 1606 894 1648; x_wconf 84' lang='lat' dir='ltr'>credentes</span> <span class='ocrx_word' id='word_1_174' title='bbox 914 1607 955 1647; x_wconf 89' lang='lat' dir='ltr'>in</span> <span class='ocrx_word' id='word_1_175' title='bbox 978 1607 1147 1648; x_wconf 84' lang='lat' dir='ltr'>unicum</span> <span class='ocrx_word' id='word_1_176' title='bbox 1171 1608 1237 1649; x_wconf 91' lang='lat' dir='ltr'>dei</span> <span class='ocrx_word' id='word_1_177' title='bbox 1256 1608 1403 1654; x_wconf 80' lang='lat' dir='ltr'>filium,</span> <span class='ocrx_word' id='word_1_178' title='bbox 1428 1610 1624 1662; x_wconf 89' lang='lat' dir='ltr'>poterunt</span> 
     </span>
     <span class='ocr_line' id='line_1_21' title="bbox 73 1674 1531 1728; baseline 0.002 -13"><span class='ocrx_word' id='word_1_179' title='bbox 73 1685 106 1710; x_wconf 83' lang='lat'>20</span> <span class='ocrx_word' id='word_1_180' title='bbox 124 1675 226 1716; x_wconf 82' lang='lat' dir='ltr'>haec</span> <span class='ocrx_word' id='word_1_181' title='bbox 261 1674 489 1716; x_wconf 84' lang='lat' dir='ltr'>maledicta</span> <span class='ocrx_word' id='word_1_182' title='bbox 521 1687 599 1715; x_wconf 92' lang='lat' dir='ltr'>non</span> <span class='ocrx_word' id='word_1_183' title='bbox 630 1675 673 1715; x_wconf 86' lang='lat' dir='ltr'>te</span> <span class='ocrx_word' id='word_1_184' title='bbox 707 1687 753 1716; x_wconf 85' lang='lat' dir='ltr'>ae</span> <span class='ocrx_word' id='word_1_185' title='bbox 786 1676 927 1716; x_wconf 83' lang='lat' dir='ltr'>tecum</span> <span class='ocrx_word' id='word_1_186' title='bbox 961 1675 1272 1728; x_wconf 82' lang='lat' dir='ltr'>adprehendere</span> <span class='ocrx_word' id='word_1_187' title='bbox 1305 1678 1531 1718; x_wconf 82' lang='lat' dir='ltr'>currentes.</span> 
     </span>
     <span class='ocr_line' id='line_1_22' title="bbox 182 1742 1624 1798; baseline 0.003 -16"><span class='ocrx_word' id='word_1_188' title='bbox 182 1742 318 1783; x_wconf 89' lang='lat' dir='ltr'>VIIII.</span> <span class='ocrx_word' id='word_1_189' title='bbox 355 1742 607 1785; x_wconf 84' lang='lat' dir='ltr'>Conuooasti</span> <span class='ocrx_word' id='word_1_190' title='bbox 640 1755 714 1784; x_wconf 91' lang='lat' dir='ltr'>nos</span> <span class='ocrx_word' id='word_1_191' title='bbox 754 1742 806 1783; x_wconf 87' lang='lat' dir='ltr'>ad</span> <span class='ocrx_word' id='word_1_192' title='bbox 839 1743 907 1784; x_wconf 90' lang='lat' dir='ltr'>dei</span> <span class='ocrx_word' id='word_1_193' title='bbox 944 1744 1206 1785; x_wconf 84' lang='lat' dir='ltr'>sacerdotem</span> <span class='ocrx_word' id='word_1_194' title='bbox 1245 1745 1534 1798; x_wconf 80' lang='lat' dir='ltr'>iugulandum,</span> <span class='ocrx_word' id='word_1_195' title='bbox 1573 1745 1624 1786; x_wconf 87' lang='lat' dir='ltr'>ad</span> 
     </span>
     <span class='ocr_line' id='line_1_23' title="bbox 126 1811 1628 1866; baseline 0.003 -15"><span class='ocrx_word' id='word_1_196' title='bbox 126 1823 220 1851; x_wconf 91' lang='lat' dir='ltr'>eum</span> <span class='ocrx_word' id='word_1_197' title='bbox 251 1811 587 1861; x_wconf 81' lang='lat' dir='ltr'>interimendum,</span> <span class='ocrx_word' id='word_1_198' title='bbox 619 1824 693 1864; x_wconf 89' lang='lat' dir='ltr'>per</span> <span class='ocrx_word' id='word_1_199' title='bbox 714 1824 837 1865; x_wconf 91' lang='lat' dir='ltr'>quem</span> <span class='ocrx_word' id='word_1_200' title='bbox 868 1812 911 1852; x_wconf 90' lang='lat' dir='ltr'>te</span> <span class='ocrx_word' id='word_1_201' title='bbox 933 1813 1158 1866; x_wconf 84' lang='lat' dir='ltr'>praecepta</span> <span class='ocrx_word' id='word_1_202' title='bbox 1180 1825 1255 1854; x_wconf 87' lang='lat' dir='ltr'>sua</span> <span class='ocrx_word' id='word_1_203' title='bbox 1279 1813 1422 1855; x_wconf 88' lang='lat' dir='ltr'>audire</span> <span class='ocrx_word' id='word_1_204' title='bbox 1445 1814 1628 1855; x_wconf 83' lang='lat' dir='ltr'>sanxerit</span> 
     </span>
     <span class='ocr_line' id='line_1_24' title="bbox 126 1880 1629 1936; baseline 0.001 -15"><span class='ocrx_word' id='word_1_205' title='bbox 126 1880 241 1921; x_wconf 90' lang='lat' dir='ltr'>deus.</span> <span class='ocrx_word' id='word_1_206' title='bbox 303 1884 339 1922; x_wconf 85' lang='lat' dir='ltr'>et</span> <span class='ocrx_word' id='word_1_207' title='bbox 369 1882 541 1934; x_wconf 82' lang='lat' dir='ltr'>scripsit</span> <span class='ocrx_word' id='word_1_208' title='bbox 572 1882 738 1934; x_wconf 75' lang='lat' dir='ltr'>Moyses</span> <span class='ocrx_word' id='word_1_209' title='bbox 767 1882 897 1923; x_wconf 83' lang='lat' dir='ltr'>uerba</span> <span class='ocrx_word' id='word_1_210' title='bbox 928 1880 1029 1936; x_wconf 75' lang='lat' dir='ltr'>leqis</span> <span class='ocrx_word' id='word_1_211' title='bbox 1058 1881 1187 1924; x_wconf 81' lang='lat' dir='ltr'>huius</span> <span class='ocrx_word' id='word_1_212' title='bbox 1217 1883 1266 1923; x_wconf 88' lang='lat' dir='ltr'>in</span> <span class='ocrx_word' id='word_1_213' title='bbox 1299 1883 1416 1935; x_wconf 86' lang='lat' dir='ltr'>libro,</span> <span class='ocrx_word' id='word_1_214' title='bbox 1449 1886 1486 1923; x_wconf 87' lang='lat' dir='ltr'>et</span> <span class='ocrx_word' id='word_1_215' title='bbox 1515 1883 1629 1924; x_wconf 86' lang='lat' dir='ltr'>dedit</span> 
     </span>
     <span class='ocr_line' id='line_1_25' title="bbox 126 1949 1628 2004; baseline 0.001 -14"><span class='ocrx_word' id='word_1_216' title='bbox 126 1962 219 1990; x_wconf 82' lang='lat' dir='ltr'>eum</span> <span class='ocrx_word' id='word_1_217' title='bbox 248 1949 532 1991; x_wconf 83' lang='lat' dir='ltr'>sacerdotibus</span> <span class='ocrx_word' id='word_1_218' title='bbox 561 1953 598 1991; x_wconf 90' lang='lat' dir='ltr'>et</span> <span class='ocrx_word' id='word_1_219' title='bbox 629 1950 771 1992; x_wconf 74' lang='lat' dir='ltr'>lenitis</span> <span class='ocrx_word' id='word_1_220' title='bbox 807 1952 881 2004; x_wconf 79' lang='lat' dir='ltr'>qai</span> <span class='ocrx_word' id='word_1_221' title='bbox 918 1951 1076 1993; x_wconf 80' lang='lat' dir='ltr'>tollunt</span> <span class='ocrx_word' id='word_1_222' title='bbox 1113 1965 1260 1993; x_wconf 84' lang='lat' dir='ltr'>arcam</span> <span class='ocrx_word' id='word_1_223' title='bbox 1290 1952 1525 1993; x_wconf 86' lang='lat' dir='ltr'>testamenti</span> <span class='ocrx_word' id='word_1_224' title='bbox 1556 1951 1628 1992; x_wconf 90' lang='lat' dir='ltr'>do-</span> 
     </span>
     <span class='ocr_line' id='line_1_26' title="bbox 77 2019 1629 2074; baseline 0.001 -15"><span class='ocrx_word' id='word_1_225' title='bbox 77 2031 110 2056; x_wconf 75' lang='lat'>2⁵</span> <span class='ocrx_word' id='word_1_226' title='bbox 126 2019 236 2060; x_wconf 84' lang='lat' dir='ltr'>mini</span> <span class='ocrx_word' id='word_1_227' title='bbox 266 2021 306 2061; x_wconf 87' lang='lat' dir='ltr'>et</span> <span class='ocrx_word' id='word_1_228' title='bbox 332 2019 582 2072; x_wconf 76' lang='lat' dir='ltr'>presbyteris</span> <span class='ocrx_word' id='word_1_229' title='bbox 613 2019 762 2060; x_wconf 81' lang='lat' dir='ltr'>Israel.</span> <span class='ocrx_word' id='word_1_230' title='bbox 795 2022 832 2060; x_wconf 88' lang='lat' dir='ltr'>et</span> <span class='ocrx_word' id='word_1_231' title='bbox 863 2020 1090 2061; x_wconf 84' lang='lat' dir='ltr'>mandauit</span> <span class='ocrx_word' id='word_1_232' title='bbox 1120 2021 1179 2061; x_wconf 87' lang='lat' dir='ltr'>eis</span> <span class='ocrx_word' id='word_1_233' title='bbox 1204 2020 1372 2074; x_wconf 80' lang='lat' dir='ltr'>Moyses</span> <span class='ocrx_word' id='word_1_234' title='bbox 1391 2021 1440 2061; x_wconf 87' lang='lat' dir='ltr'>in</span> <span class='ocrx_word' id='word_1_235' title='bbox 1460 2019 1539 2061; x_wconf 84' lang='lat' dir='ltr'>illa</span> <span class='ocrx_word' id='word_1_236' title='bbox 1560 2019 1629 2061; x_wconf 87' lang='lat' dir='ltr'>die</span> 
     </span>
     <span class='ocr_line' id='line_1_27' title="bbox 126 2087 1627 2141; baseline 0.001 -13"><span class='ocrx_word' id='word_1_237' title='bbox 126 2087 291 2129; x_wconf 86' lang='lat' dir='ltr'>dicens:</span> <span class='ocrx_word' id='word_1_238' title='bbox 318 2090 412 2141; x_wconf 87' lang='lat' dir='ltr'>post</span> <span class='ocrx_word' id='word_1_239' title='bbox 441 2090 594 2139; x_wconf 86' lang='lat' dir='ltr'>septem</span> <span class='ocrx_word' id='word_1_240' title='bbox 624 2101 762 2129; x_wconf 89' lang='lat' dir='ltr'>annos</span> <span class='ocrx_word' id='word_1_241' title='bbox 794 2088 841 2129; x_wconf 88' lang='lat' dir='ltr'>in</span> <span class='ocrx_word' id='word_1_242' title='bbox 873 2091 1051 2141; x_wconf 83' lang='lat' dir='ltr'>tempore</span> <span class='ocrx_word' id='word_1_243' title='bbox 1071 2089 1181 2129; x_wconf 90' lang='lat' dir='ltr'>anni</span> <span class='ocrx_word' id='word_1_244' title='bbox 1202 2089 1463 2129; x_wconf 82' lang='lat' dir='ltr'>remissionis</span> <span class='ocrx_word' id='word_1_245' title='bbox 1491 2089 1539 2129; x_wconf 89' lang='lat' dir='ltr'>in</span> <span class='ocrx_word' id='word_1_246' title='bbox 1560 2088 1627 2130; x_wconf 89' lang='lat' dir='ltr'>die</span> 
     </span>
     <span class='ocr_line' id='line_1_28' title="bbox 126 2156 1624 2210; baseline 0.001 -13"><span class='ocrx_word' id='word_1_247' title='bbox 126 2156 228 2209; x_wconf 82' lang='lat' dir='ltr'>festo</span> <span class='ocrx_word' id='word_1_248' title='bbox 258 2156 523 2210; x_wconf 76' lang='lat' dir='ltr'>scenopeyiae</span> <span class='ocrx_word' id='word_1_249' title='bbox 554 2157 602 2197; x_wconf 88' lang='lat' dir='ltr'>in</span> <span class='ocrx_word' id='word_1_250' title='bbox 633 2157 813 2198; x_wconf 81' lang='lat' dir='ltr'>coeundo</span> <span class='ocrx_word' id='word_1_251' title='bbox 846 2170 1006 2198; x_wconf 86' lang='lat' dir='ltr'>omnem</span> <span class='ocrx_word' id='word_1_252' title='bbox 1038 2156 1178 2198; x_wconf 88' lang='lat' dir='ltr'>Israel</span> <span class='ocrx_word' id='word_1_253' title='bbox 1209 2170 1416 2210; x_wconf 84' lang='lat' dir='ltr'>apparere</span> <span class='ocrx_word' id='word_1_254' title='bbox 1445 2158 1494 2198; x_wconf 91' lang='lat' dir='ltr'>in</span> <span class='ocrx_word' id='word_1_255' title='bbox 1525 2170 1624 2198; x_wconf 87' lang='lat' dir='ltr'>con-</span> 
     </span>
     <span class='ocr_line' id='line_1_29' title="bbox 127 2224 1626 2279; baseline 0 -14"><span class='ocrx_word' id='word_1_256' title='bbox 127 2227 266 2277; x_wconf 81' lang='lat' dir='ltr'>spectu</span> <span class='ocrx_word' id='word_1_257' title='bbox 297 2225 459 2265; x_wconf 82' lang='lat' dir='ltr'>domini</span> <span class='ocrx_word' id='word_1_258' title='bbox 489 2225 554 2266; x_wconf 85' lang='lat' dir='ltr'>dei</span> <span class='ocrx_word' id='word_1_259' title='bbox 574 2225 638 2266; x_wconf 81' lang='lat' dir='ltr'>tui</span> <span class='ocrx_word' id='word_1_260' title='bbox 667 2225 717 2265; x_wconf 90' lang='lat' dir='ltr'>in</span> <span class='ocrx_word' id='word_1_261' title='bbox 739 2224 823 2266; x_wconf 87' lang='lat' dir='ltr'>loco</span> <span class='ocrx_word' id='word_1_262' title='bbox 854 2238 972 2278; x_wconf 80' lang='lat' dir='ltr'>quem</span> <span class='ocrx_word' id='word_1_263' title='bbox 994 2225 1162 2278; x_wconf 71' lang='lat' dir='ltr'>eleqerit</span> <span class='ocrx_word' id='word_1_264' title='bbox 1193 2225 1333 2278; x_wconf 76' lang='lat' dir='ltr'>leyetis</span> <span class='ocrx_word' id='word_1_265' title='bbox 1363 2225 1473 2266; x_wconf 81' lang='lat' dir='ltr'>hanc</span> <span class='ocrx_word' id='word_1_266' title='bbox 1501 2225 1626 2279; x_wconf 73' lang='lat' dir='ltr'>leyem</span> 
     </span>
     <span class='ocr_line' id='line_1_30' title="bbox 128 2292 1628 2345; baseline 0 -13"><span class='ocrx_word' id='word_1_267' title='bbox 128 2292 176 2333; x_wconf 86' lang='lat' dir='ltr'>in</span> <span class='ocrx_word' id='word_1_268' title='bbox 206 2295 424 2344; x_wconf 81' lang='lat' dir='ltr'>conspectu</span> <span class='ocrx_word' id='word_1_269' title='bbox 456 2292 593 2334; x_wconf 84' lang='lat' dir='ltr'>Israel</span> <span class='ocrx_word' id='word_1_270' title='bbox 626 2293 672 2333; x_wconf 85' lang='lat' dir='ltr'>in</span> <span class='ocrx_word' id='word_1_271' title='bbox 703 2293 878 2334; x_wconf 81' lang='lat' dir='ltr'>auribus</span> <span class='ocrx_word' id='word_1_272' title='bbox 899 2307 1055 2345; x_wconf 84' lang='lat' dir='ltr'>eorum,</span> <span class='ocrx_word' id='word_1_273' title='bbox 1089 2294 1328 2335; x_wconf 84' lang='lat' dir='ltr'>conuocatis</span> <span class='ocrx_word' id='word_1_274' title='bbox 1346 2294 1393 2334; x_wconf 86' lang='lat' dir='ltr'>in</span> <span class='ocrx_word' id='word_1_275' title='bbox 1414 2293 1628 2335; x_wconf 88' lang='lat' dir='ltr'>ecclesiam</span> 
     </span>
     <span class='ocr_line' id='line_1_31' title="bbox 78 2360 1626 2415; baseline 0 -14"><span class='ocrx_word' id='word_1_276' title='bbox 78 2361 239 2402; x_wconf 67' lang='lat' dir='ltr'>souirzfs</span> <span class='ocrx_word' id='word_1_277' title='bbox 278 2364 315 2402; x_wconf 88' lang='lat' dir='ltr'>et</span> <span class='ocrx_word' id='word_1_278' title='bbox 346 2360 590 2402; x_wconf 83' lang='lat' dir='ltr'>mulieribus</span> <span class='ocrx_word' id='word_1_279' title='bbox 627 2364 665 2402; x_wconf 88' lang='lat' dir='ltr'>et</span> <span class='ocrx_word' id='word_1_280' title='bbox 694 2362 810 2402; x_wconf 87' lang='lat' dir='ltr'>natis</span> <span class='ocrx_word' id='word_1_281' title='bbox 850 2365 885 2402; x_wconf 93' lang='lat' dir='ltr'>et</span> <span class='ocrx_word' id='word_1_282' title='bbox 915 2361 1128 2415; x_wconf 81' lang='lat' dir='ltr'>proselyto</span> <span class='ocrx_word' id='word_1_283' title='bbox 1168 2362 1241 2414; x_wconf 77' lang='lat' dir='ltr'>qui</span> <span class='ocrx_word' id='word_1_284' title='bbox 1280 2362 1489 2414; x_wconf 80' lang='lat' dir='ltr'>fueritin</span> <span class='ocrx_word' id='word_1_285' title='bbox 1519 2362 1626 2403; x_wconf 83' lang='lat' dir='ltr'>ciui-</span> 
     </span>
     <span class='ocr_line' id='line_1_32' title="bbox 130 2428 1628 2482; baseline 0.001 -13"><span class='ocrx_word' id='word_1_286' title='bbox 130 2428 287 2470; x_wconf 77' lang='lat' dir='ltr'>tatibus</span> <span class='ocrx_word' id='word_1_287' title='bbox 317 2430 484 2482; x_wconf 79' lang='lat' dir='ltr'>uestris,</span> <span class='ocrx_word' id='word_1_288' title='bbox 518 2432 563 2469; x_wconf 78' lang='lat' dir='ltr'>ut</span> <span class='ocrx_word' id='word_1_289' title='bbox 594 2429 779 2470; x_wconf 84' lang='lat' dir='ltr'>audiant</span> <span class='ocrx_word' id='word_1_290' title='bbox 809 2432 847 2470; x_wconf 89' lang='lat' dir='ltr'>et</span> <span class='ocrx_word' id='word_1_291' title='bbox 878 2430 1045 2471; x_wconf 88' lang='lat' dir='ltr'>discant</span> <span class='ocrx_word' id='word_1_292' title='bbox 1084 2431 1227 2470; x_wconf 85' lang='lat' dir='ltr'>timere</span> <span class='ocrx_word' id='word_1_293' title='bbox 1256 2430 1475 2471; x_wconf 81' lang='lat' dir='ltr'>dominum</span> <span class='ocrx_word' id='word_1_294' title='bbox 1506 2429 1628 2471; x_wconf 81' lang='lat' dir='ltr'>deum</span> 
     </span>
    </p>
   </div>
   <div class='ocr_carea' id='block_1_3' title="bbox 267 2551 1087 2589">
    <p class='ocr_par' dir='ltr' id='par_1_3' title="bbox 267 2551 1087 2589">
     <span class='ocr_line' id='line_1_33' title="bbox 267 2551 1087 2589; baseline 0.001 -5"><span class='ocrx_word' id='word_1_295' title='bbox 267 2552 288 2584; x_wconf 88' lang='grc'>6</span> <span class='ocrx_word' id='word_1_296' title='bbox 314 2552 418 2587; x_wconf 84' lang='lat' dir='ltr'>Deut.</span> <span class='ocrx_word' id='word_1_297' title='bbox 443 2552 499 2588; x_wconf 79' lang='lat'>28.</span> <span class='ocrx_word' id='word_1_298' title='bbox 527 2552 661 2586; x_wconf 61' lang='lat'>15-‘20</span> <span class='ocrx_word' id='word_1_299' title='bbox 754 2552 798 2585; x_wconf 81' lang='lat'>23</span> <span class='ocrx_word' id='word_1_300' title='bbox 823 2551 868 2586; x_wconf 90' lang='lat' dir='ltr'>ib.</span> <span class='ocrx_word' id='word_1_301' title='bbox 894 2551 949 2589; x_wconf 87' lang='lat'>31,</span> <span class='ocrx_word' id='word_1_302' title='bbox 976 2551 1087 2587; x_wconf 89' lang='lat'>9—13</span> 
     </span>
    </p>
   </div>
   <div class='ocr_carea' id='block_1_4' title="bbox 203 2663 1537 2709">
    <p class='ocr_par' dir='ltr' id='par_1_4' title="bbox 203 2663 1537 2709">
     <span class='ocr_line' id='line_1_34' title="bbox 203 2663 1537 2709; baseline 0.001 -10"><span class='ocrx_word' id='word_1_303' title='bbox 203 2666 219 2699; x_wconf 88' lang='lat'>1</span> <span class='ocrx_word' id='word_1_304' title='bbox 253 2663 364 2699; x_wconf 80' lang='lat' dir='ltr'>orfani</span> <span class='ocrx_word' id='word_1_305' title='bbox 508 2665 529 2699; x_wconf 81' lang='lat'>6</span> <span class='ocrx_word' id='word_1_306' title='bbox 563 2665 732 2708; x_wconf 84' lang='lat' dir='ltr'>audimus]</span> <span class='ocrx_word' id='word_1_307' title='bbox 765 2676 882 2699; x_wconf 86' lang='lat' dir='ltr'>uocem</span> <span class='ocrx_word' id='word_1_308' title='bbox 914 2666 1003 2699; x_wconf 78' lang='lat' dir='ltr'>add.</span> <span class='ocrx_word' id='word_1_309' title='bbox 1037 2676 1080 2698; x_wconf 83' lang='lat' dir='ltr'>m.</span> <span class='ocrx_word' id='word_1_310' title='bbox 1114 2676 1160 2698; x_wconf 85' lang='lat' dir='ltr'>ec.</span> <span class='ocrx_word' id='word_1_311' title='bbox 1307 2664 1418 2709; x_wconf 78' lang='lat' dir='ltr'>Moysi</span> <span class='ocrx_word' id='word_1_312' title='bbox 1450 2666 1537 2708; x_wconf 79' lang='lat' dir='ltr'>fort.</span> 
     </span>
    </p>
   </div>
   <div class='ocr_carea' id='block_1_5' title="bbox 133 2711 1540 2892">
    <p class='ocr_par' dir='ltr' id='par_1_5' title="bbox 133 2711 1540 2892">
     <span class='ocr_line' id='line_1_35' title="bbox 135 2711 1537 2787; baseline -0.003 -18"><span class='ocrx_word' id='word_1_313' title='bbox 135 2734 173 2769; x_wconf 92' lang='grc'>11</span> <span class='ocrx_word' id='word_1_314' title='bbox 201 2733 415 2777; x_wconf 83' lang='lat' dir='ltr'>apothaecae</span> <span class='ocrx_word' id='word_1_315' title='bbox 544 2734 585 2767; x_wconf 88' lang='grc'>13</span> <span class='ocrx_word' id='word_1_316' title='bbox 610 2716 749 2787; x_wconf 70' lang='lat' dir='ltr'>gregem</span> <span class='ocrx_word' id='word_1_317' title='bbox 775 2738 797 2776; x_wconf 75' lang='lat'>(¹</span> <span class='ocrx_word' id='word_1_318' title='bbox 825 2746 866 2767; x_wconf 88' lang='lat' dir='ltr'>m.</span> <span class='ocrx_word' id='word_1_319' title='bbox 892 2735 976 2775; x_wconf 85' lang='lat' dir='ltr'>rec.)</span> <span class='ocrx_word' id='word_1_320' title='bbox 1107 2733 1147 2767; x_wconf 79' lang='lat'>17</span> <span class='ocrx_word' id='word_1_321' title='bbox 1174 2711 1310 2786; x_wconf 60' lang='lat' dir='ltr'>{uorum</span> <span class='ocrx_word' id='word_1_322' title='bbox 1339 2734 1359 2775; x_wconf 75' lang='lat'>(²</span> <span class='ocrx_word' id='word_1_323' title='bbox 1385 2745 1427 2767; x_wconf 83' lang='lat' dir='ltr'>m.</span> <span class='ocrx_word' id='word_1_324' title='bbox 1454 2737 1537 2776; x_wconf 83' lang='lat' dir='ltr'>rec.)</span> 
     </span>
     <span class='ocr_line' id='line_1_36' title="bbox 135 2788 1540 2835; baseline -0.001 -9"><span class='ocrx_word' id='word_1_325' title='bbox 135 2790 177 2826; x_wconf 89' lang='lat'>18</span> <span class='ocrx_word' id='word_1_326' title='bbox 201 2789 401 2824; x_wconf 85' lang='lat' dir='ltr'>idolatriam</span> <span class='ocrx_word' id='word_1_327' title='bbox 427 2803 469 2825; x_wconf 81' lang='lat' dir='ltr'>m.</span> <span class='ocrx_word' id='word_1_328' title='bbox 499 2795 514 2825; x_wconf 91' lang='lat' dir='ltr'><em>l</em></span> <span class='ocrx_word' id='word_1_329' title='bbox 621 2793 665 2825; x_wconf 76' lang='grc'>22</span> <span class='ocrx_word' id='word_1_330' title='bbox 690 2791 863 2824; x_wconf 80' lang='lat' dir='ltr'>sancxerit</span> <span class='ocrx_word' id='word_1_331' title='bbox 960 2791 1004 2824; x_wconf 79' lang='lat'>25</span> <span class='ocrx_word' id='word_1_332' title='bbox 1031 2788 1178 2833; x_wconf 71' lang='lat' dir='ltr'>phiteris</span> <span class='ocrx_word' id='word_1_333' title='bbox 1209 2791 1247 2832; x_wconf 83' lang='lat' dir='ltr'>V,</span> <span class='ocrx_word' id='word_1_334' title='bbox 1272 2790 1495 2835; x_wconf 82' lang='lat' dir='ltr'>presbyteriis</span> <span class='ocrx_word' id='word_1_335' title='bbox 1521 2803 1540 2825; x_wconf 79' lang='lat' dir='ltr'><em>r</em></span> 
     </span>
     <span class='ocr_line' id='line_1_37' title="bbox 133 2846 1276 2892; baseline -0.002 -10"><span class='ocrx_word' id='word_1_336' title='bbox 133 2848 175 2882; x_wconf 83' lang='lat'>27</span> <span class='ocrx_word' id='word_1_337' title='bbox 203 2847 381 2892; x_wconf 85' lang='lat' dir='ltr'>quoeundo</span> <span class='ocrx_word' id='word_1_338' title='bbox 409 2861 450 2883; x_wconf 85' lang='lat' dir='ltr'>m.</span> <span class='ocrx_word' id='word_1_339' title='bbox 478 2852 495 2882; x_wconf 88' lang='lat'><em>1</em></span> <span class='ocrx_word' id='word_1_340' title='bbox 589 2847 634 2882; x_wconf 87' lang='grc'>29</span> <span class='ocrx_word' id='word_1_341' title='bbox 659 2847 834 2882; x_wconf 83' lang='lat' dir='ltr'>couocatis</span> <span class='ocrx_word' id='word_1_342' title='bbox 860 2859 903 2880; x_wconf 84' lang='lat' dir='ltr'>m.</span> <span class='ocrx_word' id='word_1_343' title='bbox 930 2850 948 2880; x_wconf 93' lang='lat'><em>1</em></span> <span class='ocrx_word' id='word_1_344' title='bbox 1043 2846 1087 2880; x_wconf 89' lang='lat'>30</span> <span class='ocrx_word' id='word_1_345' title='bbox 1112 2847 1276 2890; x_wconf 84' lang='lat' dir='ltr'>proselito</span> 
     </span>
    </p>
   </div>
  </div>
 </body>
</html>
