1934 3278
554 210 606 244 De
632 213 753 244 sancto
779 210 973 244 Athanasio
999 210 1087 244 liber
1111 210 1151 244 Π.
1527 211 1604 252 171

108 341 231 391 atque
264 335 542 389 sacrilegium.
597 335 630 376 si
663 347 741 377 non
774 336 923 376 fuisses
955 335 1137 377 traditus
1170 337 1362 387 satanae,
1405 337 1607 378 retineres

110 406 327 447 Timotheo
360 404 578 457 scripsisse
610 404 865 457 apostolum:
897 408 1053 446 scimus
1083 408 1223 448 autem
1261 405 1462 458 quoniam
1500 405 1608 448 bona

108 477 166 516 est
197 473 273 527 lex,
307 477 344 514 si
374 474 469 525 quis
494 487 543 515 ea
574 473 756 527 Ieyitime
786 476 948 526 utatur,
981 474 1116 515 sciens
1147 473 1220 515 hoc
1259 474 1362 526 quia
1393 475 1502 515 iusto
1540 473 1608 516 lex

106 555 190 584 non
220 545 279 583 est
306 542 460 594 posita,
495 542 668 583 iniustis
700 544 840 582 autem
869 546 906 582 et
937 556 1026 583 non
1056 542 1362 584 oboedientibus
1392 545 1431 584 et
1462 542 1607 596 impiis

72 615 143 653 act
166 611 456 664 peccatoribus
486 614 522 652 et
554 610 766 652 sceleratis
798 613 835 651 et
861 611 1077 663 profanis,
1107 610 1344 663 parricidis
1373 614 1413 652 et
1453 612 1607 653 matri-

56 969 88 994 10

59 2002 93 2027 85

106 680 226 728 cidis,
257 680 489 733 inpudicis,
523 679 806 721 masculorum
837 679 1182 734 concubitoribus,
1214 680 1460 734 plaqiariis,
1492 693 1608 722 men-

106 750 289 799 dacibus,
314 749 507 802 periuris
537 751 573 790 et
604 749 640 788 si
671 748 774 800 quid
805 748 927 789 aliud
957 760 1089 789 sanae
1109 748 1323 790 doctrinae
1353 749 1610 791 aduersatur

106 832 211 872 quae
242 818 471 859 secundum
502 816 770 870 euanyelium
794 820 853 858 est
872 818 1035 870 ytoriae
1056 817 1166 858 beati
1188 817 1255 858 (lei
1272 818 1383 870 quod
1403 818 1609 860 creditum

107 891 163 929 est
202 887 320 928 niitn'.
384 887 417 928 si
451 900 527 928 non
561 900 604 927 es
635 886 829 935 traditus,
872 899 919 927 ex
951 899 1031 939 quo
1073 886 1205 927 filium
1247 886 1313 928 dei
1353 888 1529 941 negasti,
1567 887 1609 928 in

109 957 320 999 interitum
344 958 529 998 satanae.
555 955 762 1009 quomodo
785 955 1041 1008 praeteriens
1072 957 1189 996 tanta
1222 969 1328 1008 quae
1349 956 1392 998 te
1416 956 1610 998 cohibere

109 1040 130 1068 a
162 1027 278 1067 tauto
309 1026 530 1078 potuerant
570 1024 727 1065 scelere
770 1024 822 1065 ad
865 1025 967 1065 haec
1007 1025 1193 1076 gerenda
1233 1025 1374 1066 exilire
1415 1024 1610 1079 dignatus

109 1109 165 1145 es,
199 1108 305 1149 quac
345 1094 503 1148 possint
544 1095 695 1134 cuncta
736 1094 884 1134 tollere
926 1095 1027 1134 haec
1069 1107 1175 1146 quae
1214 1095 1439 1135 noscantur
1485 1106 1610 1136 sanae

109 1178 199 1207 esse
233 1164 475 1206 doctrinae?

166 1234 302 1275 XIIII.
336 1234 451 1274 Haec
486 1232 556 1286 qui
588 1232 645 1273 sis
679 1232 849 1282 faciens,
883 1244 990 1285 quae
1023 1244 1149 1273 sanae
1190 1232 1464 1274 aduersentur
1507 1233 1609 1274 doc-

74 1304 254 1349 5t1·inae,
288 1302 357 1355 qui
389 1301 639 1355 proscribas,
672 1303 882 1354 torqueas,
918 1301 1124 1354 deportes,
1158 1301 1302 1342 mittas
1333 1301 1374 1342 in
1398 1313 1609 1342 carcerem

109 1371 439 1423 interficiasque.
474 1369 539 1411 dic
583 1370 775 1419 obsecro,
819 1369 853 1410 si
894 1369 950 1410 sis
990 1369 1206 1411 dissimilis
1249 1370 1298 1411 ab
1330 1369 1498 1411 Herode
1537 1370 1609 1411 illo

109 1452 221 1494 rege,
245 1440 364 1481 cuius
387 1439 671 1481 carnificinam
690 1439 931 1480 describens
952 1439 1012 1480 ita
1032 1439 1217 1492 loquitur
1239 1451 1361 1480 sacra
1383 1438 1609 1492 scriptura:

109 1509 246 1550 codem
286 1509 334 1550 in
372 1512 551 1561 tempore
590 1509 755 1550 remisit
795 1508 983 1550 Herodes
1027 1522 1102 1550 rex
1145 1521 1311 1562 manus,
1357 1511 1404 1549 ut
1450 1512 1611 1550 noceret

110 1578 313 1630 quosdam·
343 1578 392 1619 de
421 1577 603 1619 ccclesia.
637 1577 786 1619 occidit
820 1581 963 1619 autem
995 1578 1194 1619 Iacobum
1225 1578 1405 1630 fratrem
1428 1577 1611 1619 Ioannis

108 1646 267 1700 ylad‘io,
300 1650 338 1687 ct
368 1660 460 1687 cum
491 1647 670 1688 uidisset
710 1647 819 1698 quod
842 1646 1030 1698 placeret
1069 1646 1142 1687 hoc
1174 1646 1360 1698 Iudaeis
1403 1645 1524 1687 addit
1565 1648 1612 1686 ut

111 1714 469 1767 comprehenderet
501 1715 688 1757 Petrum.
741 1719 862 1756 erant
894 1718 1033 1757 autem
1064 1716 1152 1757 dies
1193 1727 1449 1768 azymorum.
1500 1713 1611 1755 hunc

110 1797 202 1825 cum
249 1783 604 1835 adprehendisset‚
651 1785 770 1825 misit
818 1784 863 1825 in
912 1798 1117 1826 carcerem
1164 1784 1370 1824 traditum
1415 1785 1614 1835 quattuor

111 1853 455 1905 quaternionibus
505 1853 692 1893 militnm
739 1853 1076 1904 custodiendum,
1124 1853 1270 1893 uolens
1307 1854 1407 1905 post
1445 1849 1612 1904 pascha

108 1922 341 1973 producere
371 1935 464 1962 eum
490 1921 620 1973 plebi.
669 1921 824 1963 Petrus
861 1935 961 1962 uero
999 1921 1310 1963 custodiebatur
1348 1921 1397 1961 in
1435 1932 1612 1961 carcere.

112 1991 248 2031 oratio
280 2002 373 2043 eryo
394 1991 705 2031 instantissime
724 1990 850 2043 siebat
872 1990 929 2031 ad
950 1990 1171 2032 dominum
1186 2003 1268 2042 pro
1289 2002 1332 2030 eo
1352 1989 1404 2030 ab
1425 1987 1608 2032 ecclesia.

111 2062 147 2100 ct
179 2073 272 2101 cum
303 2059 497 2111 futurum
529 2062 629 2101 esset
660 2062 706 2100 ut
736 2073 830 2100 eum
861 2059 1049 2101 Herodes
1072 2059 1335 2113 produceret,
1374 2057 1455 2099 illa
1495 2060 1612 2098 nocte

113 2128 266 2169 Petrus
296 2128 526 2169 dormiebat
567 2129 678 2169 inter
713 2129 872 2170 milites
913 2128 1119 2182 alliyatus
1159 2129 1320 2170 catenis
1357 2127 1535 2181 duabus,
1575 2128 1613 2167 et

112 2197 296 2238 custodes
327 2200 425 2238 ante
447 2197 614 2248 ostium,
647 2201 684 2238 et
705 2197 989 2238 custodiebant
1011 2211 1230 2238 carcerem.
1271 2200 1307 2238 et
1329 2209 1414 2238 ecce
1435 2193 1611 2248 anyelus

111 2265 274 2306 domini
305 2266 485 2316 adstitit,
516 2268 555 2306 et
579 2266 654 2307 lua:
684 2265 736 2306 ab
766 2280 810 2307 eo
841 2266 1010 2319 refulsit
1041 2267 1091 2307 in
1115 2266 1188 2307 illo
1210 2265 1316 2317 loco‚·
1347 2275 1614 2318 conpunqens

113 2339 248 2375 autem
282 2334 396 2375 latus
427 2334 547 2376 Petri
578 2335 803 2376 suscitauit
834 2349 928 2376 eum
958 2335 1124 2377 dicens:
1164 2348 1287 2388 surye
1317 2333 1522 2376 uelociter.
1573 2333 1610 2372 et

112 2403 310 2458 surrexit,
341 2406 376 2444 et
408 2403 646 2444 ceciderunt
676 2406 846 2445 catenae
876 2403 927 2444 de
958 2403 1154 2445 manibus
1184 2404 1285 2458 eius,
1327 2404 1368 2444 et
1398 2402 1525 2444 infra:
1575 2402 1614 2441 et

115 2484 207 2512 cum
238 2472 460 2513 transisset
485 2472 649 2524 primos
680 2475 716 2512 et
748 2471 951 2513 secundos
982 2471 1178 2526 custodes,
1211 2473 1326 2513 uenit
1359 2471 1415 2512 ad
1438 2473 1613 2524 portam

247 2631 269 2664 2
294 2631 379 2666 Tim.
409 2632 438 2675 1,
464 2632 573 2666 8—11
673 2633 714 2666 18
739 2634 816 2666 Act.
846 2632 898 2671 12,
927 2632 1012 2665 1—7
1108 2632 1149 2665 31
1176 2631 1223 2666 ib.
1252 2632 1305 2675 12,
1332 2632 1383 2666 10.
1411 2633 1451 2666 ll

182 2766 202 2799 5
228 2770 263 2801 et
290 2769 392 2811 (ante
416 2768 608 2808 sceleratis)
633 2778 699 2803 om.
725 2779 745 2802 v
849 2768 870 2801 9
897 2778 933 2801 es
958 2768 1105 2812 scripsi,
1131 2770 1185 2802 est
1215 2768 1266 2802 Vv
1375 2768 1417 2802 19
1442 2751 1614 2824 quoddam

115 2829 140 2866 (⁸
164 2836 209 2858 m.
236 2827 321 2868 rec.)
416 2825 460 2858 20
480 2825 618 2859 addidit
642 2826 736 2860 coni.
762 2825 945 2860 Latinius
1038 2824 1078 2859 21
1108 2825 1295 2859 azimorum
