1934 3278
467 256 520 290 De
546 266 615 288 non
641 253 815 299 parcendo
842 254 878 288 in
904 252 1006 287 deum
1032 252 1327 298 delinquentibus.
1557 251 1638 296 217

138 398 230 429 mur
261 384 368 434 illos,
402 382 471 436 qui
497 379 733 423 commissis
766 379 844 421 sibi
867 392 945 420 11011
971 379 1195 429 adulando,
1229 378 1304 420 sed
1327 391 1396 421 eos
1419 379 1644 422 salubriter

136 451 442 509 praemonendo
474 450 551 492 deo
585 448 694 490 effici
725 448 953 489 meruerint
987 447 1265 490 dilectissimi.
1317 448 1369 489 ad
1399 447 1645 491 Helisaeum

135 520 470 565 interficiendum
500 518 745 572 prophetam
767 518 814 558 ut
835 529 907 559 rex
930 517 1046 558 misit
1065 517 1211 567 Israel,
1245 517 1280 559 si
1310 517 1482 559 minime
1513 517 1645 571 legis-

133 605 199 634 ses
233 591 387 633 dixisse
418 588 665 631 Helisaeum
699 586 751 628 ad
784 599 855 629 eos
886 587 955 640 qui
989 599 1132 629 secum
1168 586 1365 629 fuissent:
1405 588 1444 628 si
1475 587 1646 629 uidistis

94 667 111 693 ⁵
132 661 331 715 quoniam
368 658 486 713 silius
525 656 762 699 homicidae
799 656 922 698 illius
961 657 1077 698 misit
1115 656 1171 698 ad
1201 655 1481 709 auferendum
1519 658 1648 709 caput

132 730 305 772 meum?
335 727 484 769 merito
517 727 562 768 ut
592 739 710 768 reum
742 738 809 767 1110
840 725 1084 766 iniuriarum
1113 726 1292 779 peteres.
1327 726 1470 767 sancto
1494 725 1640 779 spiritu

132 799 278 852 plenus
310 797 513 851 propheta
543 795 780 838 homicidae
812 794 944 835 filium
978 795 1148 836 uocauit
1183 807 1327 848 regem
1359 795 1512 846 Israel,
1559 797 1637 838 hoc

134 869 197 909 est
235 866 367 908 filium
409 865 584 914 diaboli,
633 877 711 906 11011
745 863 843 917 (11113
874 864 1034 917 patrem
1067 864 1180 905 illius
1211 864 1426 906 carnalem
1467 864 1642 906 dixisset

131 935 405 985 homicidam,
449 935 521 976 sed
554 933 787 982 diabolum,
829 932 948 974 cuius
980 945 1025 974 se
1057 932 1189 974 filium
1223 946 1336 983 esse,
1379 934 1426 974 ut
1455 934 1501 974 tu
1533 946 1640 975 nunc

72 1015 106 1042 1⁰
127 1006 168 1046 te
203 1004 367 1047 actibus
399 1003 484 1044 tuis
518 1003 678 1056 aperis,
722 1002 764 1044 et
793 1001 865 1043 ille
898 1014 942 1043 se
976 1014 1068 1043 esse
1101 1002 1363 1043 monstrabat
1395 1001 1462 1043 dei
1494 1014 1639 1055 perse-

128 1073 292 1128 quendo
325 1080 482 1121 seruos,
517 1070 740 1125 prophetas
763 1070 876 1112 illius
898 1070 1149 1112 clementiae
1170 1071 1408 1113 interficere
1433 1071 1638 1113 audendo.

128 1143 266 1185 omnia
296 1143 399 1184 11300
434 1142 480 1182 ut
510 1141 696 1191 faciatis,
738 1140 930 1182 diabolus
961 1141 1105 1181 uestra
1135 1139 1310 1194 instigat
1340 1140 1480 1183 corda.
1529 1139 1640 1194 quod

124 1212 185 1254 ita
218 1224 311 1253 esse
344 1211 491 1264 accipe
525 1210 737 1251 dominum
772 1209 982 1250 dicentem
1014 1209 1184 1251 Iudaeis
1215 1210 1256 1251 in
1289 1210 1530 1264 euangelio:
1568 1223 1644 1259 uos

122 1282 170 1322 (le
207 1280 372 1323 diabolo
409 1283 537 1332 patre
581 1279 676 1321 nati
706 1279 803 1322 estis
857 1281 896 1320 et
936 1279 1295 1332 concupiscentias
1328 1280 1473 1332 patris
1511 1276 1643 1322 uestri

72 1359 105 1384 ¹⁵
123 1351 257 1403 facere
287 1350 420 1392 uultis
431 1362 447 1401 ;
479 1349 549 1391 ille
571 1349 684 1390 enim
714 1348 925 1390 homicida
953 1349 1041 1402 fuit
1071 1348 1123 1389 ab
1154 1349 1292 1390 initio.
1327 1350 1542 1402 propheta,
1575 1349 1641 1390 111-

125 1431 264 1473 quam,
307 1417 462 1460 domini
503 1417 651 1470 plenus
685 1417 834 1470 spiritu
875 1417 1019 1459 sancto
1051 1429 1193 1470 regem
1232 1418 1366 1459 Israel
1405 1418 1641 1460 homicidae

126 1489 258 1530 filium
292 1487 440 1541 uocat,
479 1487 556 1527 hoc
591 1487 656 1528 est
689 1485 869 1536 diaboli,
913 1487 955 1526 et
986 1498 1060 1527 nos
1094 1486 1310 1528 arbitraris
1342 1487 1641 1529 contumeliam

125 1558 202 1599 tibi
235 1558 386 1601 facere,
422 1556 520 1609 quia
552 1555 742 1596 dicamus
773 1556 816 1596 te
851 1568 942 1597 esse
975 1555 1286 1597 interfectorem
1320 1568 1536 1597 seruorum
1559 1555 1639 1606 dei,

128 1639 219 1667 esse
261 1624 502 1667 carnificem
541 1637 760 1678 corporum
800 1625 1058 1674 nostrorum,
1108 1637 1200 1666 esse
1231 1625 1274 1666 te
1305 1624 1436 1667 totius
1474 1625 1639 1678 cogita-

71 1704 105 1727 20
127 1694 252 1736 tionis
284 1694 422 1735 uirum
461 1693 713 1744 iniustitiae,
764 1692 1070 1734 destructorem
1110 1693 1348 1746 religionis,
1396 1693 1639 1747 negatorem

127 1763 237 1804 unici
261 1763 337 1804 filii
361 1763 457 1805 dei?
491 1776 598 1816 quae
630 1764 672 1804 te
705 1763 844 1804 facere
877 1763 1086 1805 cernimus
1108 1765 1210 1805 11300
1234 1764 1276 1805 te
1302 1764 1495 1815 dicimus,
1528 1764 1639 1817 quod

128 1843 171 1872 es
203 1832 280 1873 hoc
312 1832 354 1873 te
388 1844 479 1873 esse
511 1832 758 1873 clamamus.
795 1831 900 1874 dicis
933 1844 1006 1874 nos
1037 1833 1289 1885 petulantes,
1324 1832 1520 1886 quoniam
1543 1832 1638 1887 qui-

129 1900 225 1942 dem
258 1901 370 1953 quod
403 1914 447 1942 es
478 1901 554 1942 tibi
587 1901 790 1942 dicamus.

183 1969 232 2011 V.
280 1969 408 2011 Dicas
439 1970 582 2020 uelim,
623 1969 732 2011 unde
765 1970 966 2011 meruerit
999 1983 1023 2011 a
1055 1970 1222 2012 domino
1254 1971 1358 2012 talia
1391 1970 1536 2013 audire
1566 1983 1638 2013 rex

73 2047 107 2074 25
125 2038 277 2080 Israel:
308 2041 527 2092 eapropter
556 2039 667 2092 quod
696 2039 833 2092 fecisti
863 2041 973 2081 bona
1002 2053 1141 2081 coram
1170 2053 1234 2081 me
1264 2043 1299 2081 ct
1329 2040 1466 2093 fecisti
1487 2053 1637 2082 secun-

125 2107 226 2148 dum
265 2120 335 2149 cor
373 2121 510 2149 meum
549 2111 586 2149 et
625 2108 853 2151 secundum
891 2109 1088 2150 animam
1123 2122 1262 2151 meam
1300 2109 1445 2150 domui
1475 2108 1635 2159 Achab,

125 2175 211 2228 filii
242 2177 304 2216 tai
334 2179 490 2229 quarta
512 2177 718 2230 proyem'e
747 2177 944 2219 sedebunt
975 2176 1052 2219 tibi
1082 2178 1133 2219 in
1163 2177 1311 2220 throno
1342 2178 1523 2220 Israel?
1555 2177 1635 2226 dic,

127 2244 310 2298 inquam,
342 2257 416 2286 cur
448 2246 550 2287 hacc
584 2246 730 2288 audire
764 2259 788 2287 a
820 2247 898 2288 deo
930 2246 1159 2288 meruerit?
1192 2247 1290 2300 quia
1310 2246 1548 2300 pepercerit
1569 2244 1635 2286 dei

127 2311 334 2355 inimicis?
368 2326 418 2355 311
451 2314 550 2367 quia
581 2327 652 2356 eos
685 2327 808 2368 quam
841 2315 1044 2357 acerrime
1076 2315 1202 2356 fuerit
1225 2315 1351 2356 etiam
1373 2315 1516 2369 gladio
1538 2327 1636 2368 per-

72 2389 107 2414 ³0
127 2383 300 2423 secutus
321 2382 389 2438 <s>
399 2395 448 2423 eu
471 2383 570 2436 quia
591 2383 847 2425 interfecerit
867 2383 998 2425 filium
1016 2384 1161 2425 Achab
1175 2383 1442 2425 idololatrem
1465 2383 1507 2424 et
1529 2395 1636 2437 qua-

262 2555 283 2588 4
310 2554 377 2588 1111
400 2554 485 2598 Reg.
512 2555 544 2595 6,
571 2555 626 2588 32.
653 2554 696 2588 33
795 2554 835 2589 13
861 2554 931 2590 Ioh.
958 2555 990 2595 8,
1017 2556 1059 2588 44
1156 2556 1199 2589 25
1225 2555 1289 2590 1111
1315 2556 1401 2600 Reg.
1429 2556 1482 2600 10,
1507 2556 1551 2590 30

193 2703 215 2737 2
240 2702 295 2737 dei
320 2714 341 2738 v
472 2703 513 2737 15
538 2703 606 2738 fuit
631 2715 662 2743 v,
687 2703 793 2739 fuerit
823 2705 862 2747 V,
887 2703 1003 2738 fuerat
1026 2704 1114 2747 fort.
1247 2705 1287 2741 21
1316 2705 1401 2740 haee
1427 2708 1463 2741 te
1488 2706 1635 2742 dicimus

125 2760 273 2804 scripsi,
298 2760 382 2795 haec
408 2760 592 2795 didicimus
615 2761 676 2804 Vv,
700 2760 765 2795 hoc
790 2760 974 2796 didicimus
999 2761 1091 2796 coni.
1114 2761 1234 2797 Tilius
1260 2762 1301 2796 in
1324 2763 1436 2803 notis.
1461 2762 1527 2798 hoo
1552 2763 1635 2798 dici-

126 2826 201 2850 mus
232 2817 326 2851 coni.
358 2817 541 2852 Latinius
679 2819 725 2854 23
757 2829 794 2854 es
826 2820 974 2864 scripsi,
1006 2821 1060 2854 est
1099 2820 1149 2855 Vv
1287 2820 1331 2855 25
1357 2824 1543 2866 eapropter

126 2873 171 2907 28
187 2874 351 2907 meruerit
368 2874 410 2908 iu
426 2886 542 2920 mary.
560 2887 604 2911 m.
623 2880 642 2910 1
730 2876 774 2910 30
792 2887 850 2910 seu
869 2877 1016 2920 scripsi,
1036 2887 1075 2911 eu
1101 2877 1140 2917 V,
1160 2888 1204 2912 an
1221 2889 1238 2912 υ
1326 2877 1548 2914 idololatram
1566 2891 1585 2914 v
