1934 3278
354 233 437 275 258
1016 232 1210 266 Luciferi

356 361 504 400 timeas
536 359 776 412 carnificem
806 358 947 412 istum,
979 359 1049 399 sed
1074 359 1230 411 diynus
1250 358 1442 411 fratrum
1463 359 1630 411 effectus
1650 362 1863 413 suscipias

358 431 547 479 mortem,
594 431 640 468 ut
682 428 728 468 in
768 427 850 468 illa
880 427 1174 468 misericordia
1204 441 1298 468 cum
1328 427 1539 479 fratribus
1571 431 1606 468 te
1642 431 1861 482 recipiam.

354 510 448 536 cum
479 496 578 538 haec
609 496 692 537 illa
722 496 910 546 dixisset,
945 496 1007 536 ait
1039 496 1301 538 adolescens:
1343 510 1462 548 quem
1493 498 1747 540 sustinetis?
1777 512 1863 540 non

355 566 516 607 oboedio
546 566 655 618 reyis
686 565 875 617 imperio,
909 564 978 605 sed
1002 568 1228 617 praecepto
1262 566 1364 618 leyis
1396 565 1589 620 obaudio,
1622 580 1728 619 quae
1759 569 1861 609 data

356 637 415 676 est
444 634 563 675 nobis
587 647 668 686 per
700 634 903 685 Moysen:
947 636 993 674 tu
1024 647 1137 688 uero,
1169 634 1243 686 qui
1273 634 1472 674 inuentor
1502 635 1637 676 omnis
1668 635 1862 677 malitiae
1900 654 1913 676 ε

354 705 493 756 factus
532 716 573 744 es
610 703 660 743 in
701 702 933 756 Hebraeos,
983 715 1071 742 non
1116 703 1287 755 effuyies
1328 716 1505 743 manum
1544 703 1624 747 dei.
1675 705 1713 745 si
1751 706 1859 745 enim

351 775 526 824 propter
564 771 898 824 increpationem
938 773 977 811 et
1017 771 1317 822 correptionem
1348 771 1547 813 dominus
1578 775 1716 814 noster
1745 774 1864 814 nobis

355 841 472 882 uiuis
502 840 657 882 modice
687 840 828 880 iratus
860 842 930 893 est,
963 840 1035 880 sed
1055 839 1210 881 iterum
1232 840 1578 882 reconciliabitur
1598 842 1733 882 seruis
1753 842 1863 890 suis,-

358 913 502 964 tuque,
550 922 572 950 o
611 908 774 950 sceleste
810 911 848 949 et
886 909 1077 949 omnium
1116 907 1332 949 hominum
1375 908 1728 962 flayitiosissime‚
1775 910 1863 950 noli

353 982 522 1033 frustra
561 978 706 1020 eoetolli
736 978 866 1019 uanis
896 978 1042 1030 spebus
1073 977 1121 1017 in
1152 990 1294 1019 seruos
1324 978 1414 1019 eius
1444 979 1643 1030 inflatus;
1674 979 1862 1021 nondum
1883 996 1916 1019 ω

356 1049 468 1090 enim
499 1047 808 1100 omnipotentis,
842 1047 989 1087 omnia
1020 1047 1318 1098 conspicientis
1344 1047 1413 1088 dei
1433 1047 1643 1089 iudicium
1664 1049 1863 1101 effugisti.

357 1132 459 1160 nam
489 1118 646 1170 fratres
677 1117 815 1157 nostri
845 1116 1006 1158 modico
1037 1129 1150 1157 nunc
1182 1116 1319 1157 dolore
1359 1119 1590 1157 sustentato
1630 1117 1704 1158 sub
1737 1120 1863 1158 testa-

357 1190 491 1229 mento
533 1186 599 1228 dei
639 1188 831 1227 aeternae
876 1185 993 1225 uitae
1038 1185 1327 1238 recciderunt;
1372 1188 1419 1226 tu
1459 1198 1557 1226 uero
1598 1186 1753 1227 iudicio
1798 1186 1864 1227 dei

356 1258 494 1297 iustas
532 1255 750 1308 superbiae
781 1267 944 1307 poenas
979 1253 1178 1295 exsolues.
1231 1268 1301 1308 eyo
1332 1257 1473 1296 autem
1504 1255 1611 1296 sicut
1642 1258 1681 1295 et
1709 1255 1864 1306 fratres

356 1328 392 1366 et
414 1325 607 1366 animam
629 1327 668 1364 ct
688 1336 834 1376 eorpus
856 1322 979 1363 trado
1003 1336 1089 1375 pro
1113 1323 1278 1376 patriis
1309 1323 1477 1377 leyibus,
1510 1324 1719 1365 inuocans
1741 1324 1860 1364 deum
1883 1336 1915 1361 ιε

357 1395 569 1436 maturius
604 1394 721 1447 yenti
759 1395 927 1433 nostrae
964 1392 1060 1444 fieri
1093 1392 1335 1444 propitium
1377 1387 1614 1445 teque'cum
1647 1394 1863 1433 tormentis

360 1464 460 1518 <ac>
494 1462 735 1504 uerberibus
767 1461 955 1514 confiteri
985 1461 1094 1513 quod
1123 1461 1213 1512 ipse
1244 1463 1304 1501 est
1332 1461 1432 1503 deus
1454 1460 1580 1502 solus.
1612 1462 1660 1501 in
1682 1475 1745 1502 me
1766 1475 1863 1502 uero

357 1536 392 1574 et
431 1534 479 1573 in
515 1531 723 1585 fratribus
763 1531 867 1572 meis
913 1532 1096 1571 statuere
1135 1530 1397 1582 omnipotens
1444 1530 1534 1583 ira,
1586 1544 1692 1582 quae
1737 1543 1864 1583 super

356 1615 473 1642 omne
501 1613 634 1654 yenus
664 1602 857 1641 nostrum
887 1599 996 1639 iuste
1026 1598 1283 1651 superducta
1314 1602 1383 1640 est.

414 1670 570 1711 XXIII.
607 1668 729 1720 Quid,
765 1667 996 1716 Constanti,
1031 1679 1055 1707 a
1086 1666 1203 1708 nobis
1235 1667 1327 1719 plus
1361 1667 1515 1708 audisti
1539 1680 1662 1720 quam
1687 1680 1735 1708 ea
1758 1680 1863 1720 quae
1883 1680 1916 1704 επ»

359 1741 409 1781 ab
442 1740 518 1780 hoc
555 1737 621 1778 dei
656 1737 751 1778 sunt
785 1736 898 1777 dicta
930 1735 1047 1776 fideli
1081 1738 1233 1777 seruo?
1281 1736 1314 1776 si
1345 1736 1416 1777 ille
1451 1736 1554 1777 dixit
1586 1737 1638 1777 ad
1670 1737 1863 1778 Antiochi

358 1808 584 1850 satellites:
631 1820 750 1858 quem
780 1806 1034 1847 sustinetis?
1081 1818 1166 1845 non
1197 1805 1377 1846 obaudio
1409 1806 1519 1858 reyis
1549 1807 1746 1861 imperio,
1793 1807 1864 1848 sed

352 1880 574 1930 praecepto
605 1876 707 1929 leyis
738 1874 916 1915 obaudio
948 1887 1054 1926 quae
1084 1874 1188 1915 data
1219 1877 1277 1914 est
1314 1874 1434 1915 nobis
1467 1888 1548 1926 per
1581 1875 1783 1929 Moysen;
1824 1875 1865 1916 et

358 1960 431 1988 nos
463 1946 546 1987 tuis
580 1945 778 1986 dicimus:
810 1943 912 1996 quid
942 1946 1002 1984 est
1031 1943 1141 1996 quod
1171 1956 1246 1984 nos
1278 1944 1335 1984 ad
1363 1942 1588 1985 Constanti
1620 1944 1864 1986 antichristi

351 2015 643 2068 praecursoris
682 2013 945 2055 uoluntatem
978 2025 1101 2065 posse
1140 2013 1277 2065 facere
1316 2013 1573 2054 existimatis
1609 2014 1821 2056 Arrianos
1842 2015 1864 2055 ‚9
1883 2022 1914 2047 25

356 2089 402 2126 ut
432 2097 577 2126 sumus
610 2082 852 2126 Christiani
863 2115 874 2135 ‚
917 2095 1077 2135 semper
1107 2082 1277 2123 erimus.
1331 2082 1365 2123 si
1396 2082 1467 2123 ille
1499 2082 1705 2124 Antiocho
1739 2083 1863 2123 dixit:

356 2158 401 2195 tu
439 2167 538 2195 uero
578 2153 651 2206 qui
690 2153 886 2193 inuentor
922 2152 1060 2193 omnis
1099 2152 1295 2193 malitiae
1331 2153 1471 2204 factus
1502 2166 1542 2193 cs
1574 2154 1622 2194 in
1654 2153 1864 2194 Hebraeos

358 2237 444 2264 non
486 2222 657 2276 effugies
694 2235 869 2262 manuni
907 2221 997 2273 dei;
1045 2219 1086 2261 et
1123 2220 1200 2262 tibi
1239 2233 1313 2262 nos
1352 2221 1529 2262 diximus
1563 2222 1686 2274 atque
1720 2234 1862 2263 sumus

360 2292 568 2340 dieentes,
617 2290 727 2343 quod
766 2290 894 2340 enim,
944 2290 1042 2343 quia
1079 2291 1122 2330 te
1164 2290 1300 2342 potior
1338 2290 1477 2331 nullus
1509 2303 1707 2343 umquam
1738 2291 1864 2331 fuerit

358 2361 599 2414 persecutor
643 2371 786 2400 sacrae
832 2358 940 2412 legis
989 2359 1077 2410 dei,
1129 2359 1226 2413 quia
1274 2360 1328 2401 sis
1377 2372 1456 2401 non
1505 2359 1748 2412 effugiturus
1796 2360 1860 2400 dei
1882 2363 1914 2387 30

361 2442 538 2470 manum.
594 2428 627 2469 si
662 2428 777 2469 audit
808 2428 1059 2478 Antiochus,
1101 2429 1211 2482 quod
1246 2428 1447 2482 arguendi
1478 2428 1615 2481 gratia
1648 2429 1732 2470 suis
1764 2429 1860 2469 tun(-

360 2498 549 2539 dominus
581 2497 709 2538 fuerit
739 2497 872 2538 iratus
906 2498 948 2538 et
980 2497 1092 2550 quod
1113 2498 1265 2539 iterum
1299 2497 1410 2538 esset
1440 2496 1785 2538 reconciliaturus
1819 2510 1861 2538 se

494 2600 538 2634 22
563 2600 595 2634 Π
620 2599 733 2634 Mach.
761 2601 792 2640 7,
819 2600 862 2633 30
956 2600 999 2633 27
1025 2600 1074 2633 ib.
1101 2601 1132 2640 7,
1159 2600 1200 2634 31

426 2693 444 2723 4
474 2691 788 2725 oboedio-obaudio
813 2693 853 2732 V,
880 2691 1146 2725 obedio-obedio
1173 2703 1192 2725 r
1287 2691 1328 2724 10
1354 2690 1480 2734 spebus
1506 2691 1597 2725 coni.
1622 2691 1860 2725 Gallandius.

359 2748 537 2792 speciebus
563 2750 611 2783 Vr
705 2748 846 2782 inflatus
865 2760 934 2784 om·
952 2761 972 2783 ‘o
1068 2749 1109 2783 12
1127 2751 1244 2793 patres
1262 2760 1282 2783 i>
1378 2749 1419 2782 17
1438 2758 1476 2781 ac
1496 2758 1563 2782 om.
1587 2749 1626 2792 V,
1645 2749 1733 2782 add.
1751 2760 1771 2781 r

361 2805 404 2840 18
424 2806 508 2838 iram
531 2818 547 2839 ι·
641 2806 683 2838 25
703 2805 910 2840 existimatis
928 2806 1042 2841 facere
1063 2818 1079 2841 i*
1173 2806 1216 2840 ‘29
1241 2805 1330 2840 ullus
1426 2805 1469 2839 30
1496 2806 1575 2849 quia
1601 2805 1771 2839 abundat

357 2862 401 2895 32
426 2862 725 2897 reconciliaturum
