1934 3278
290 671 362 734 ΙΙ.
405 670 640 735 INDEX
690 670 1041 735 NOMINVM
1081 672 1172 736 ΕΤ
1213 673 1482 740 RERVM.

102 973 270 1019 Achetas
306 980 487 1025 presbyter
516 979 682 1014 ecclesiae
706 979 855 1014 Alexan·
890 1013 892 1024 ³

148 1028 269 1063 drinae
294 1026 460 1061 Arrianus
489 1025 565 1067 189,
594 1025 634 1058 10

99 1074 194 1109 Ader
219 1073 273 1113 51,
299 1072 343 1106 35

99 1119 254 1155 Adoxius
277 1120 335 1162 (=
358 1117 546 1155 Eudoxius)
571 1117 627 1152 81.
645 1118 677 1152 4.
704 1117 781 1157 117,
800 1116 854 1151 20.
888 1109 890 1146 ἑ

147 1166 225 1201 306,
252 1165 283 1200 2.
310 1164 370 1203 14;
396 1164 442 1206 ef.
469 1162 646 1198 Eudoxius

100 1211 351 1256 Aegvptiorum
392 1209 532 1244 litterae
573 1208 615 1243 de
656 1207 852 1242 Athanasio
887 1226 889 1247 1

144 1249 223 1293 32¹8.
249 1256 303 1290 22.
329 1255 371 1289 27

101 1303 293 1338 aeternitas
315 1300 530 1345 (Constantii
546 1300 683 1337 titulus›
709 1299 787 1341 321,
808 1299 852 1333 22
887 1292 888 1296 ¹

101 1348 270 1393 Georgius
295 1348 331 1381 in
356 1345 568 1381 Alexandria
592 1346 671 1386 330,
699 1345 741 1380 12

99 1393 289 1428 Alexandri
329 1391 481 1436 episcopi
521 1392 660 1426 litterae
702 1390 747 1425 ad
788 1391 851 1426 Sil-

143 1442 296 1474 uestnun
320 1438 398 1478 330,
425 1438 445 1472 6

97 1484 329 1520 Alexandriae
372 1483 517 1518 ecclesia
557 1483 601 1517 ab
642 1483 850 1527 imperatore

143 1530 351 1567 Constantio
370 1531 496 1563 uexata
510 1529 565 1569 53,
583 1529 634 1564 18.
648 1529 702 1569 60,
720 1529 752 1563 8.
771 1528 849 1569 181,

145 1576 196 1611 15.
230 1575 306 1616 193,
341 1575 395 1610 23.
421 1575 500 1613 286,
528 1575 558 1610 6.
589 1574 668 1614 300,
696 1575 725 1608 7.

758 1585 849 1618 pres-

141 1622 256 1667 byteri
283 1621 438 1656 Achetas
472 1623 507 1655 et
543 1619 695 1666 Dydima
729 1619 848 1664 (Dydi-

142 1679 215 1702 nius
226 1670 257 1702 ’ἐι
286 1668 361 1705 189,
391 1667 432 1700 10

95 1713 339 1749 Alexandrinis
358 1713 586 1748 Constantius
603 1711 731 1746 litteris
757 1711 847 1744 iurat

141 1771 177 1793 se
191 1759 279 1794 nihil
292 1759 374 1794 mali
383 1758 545 1802 deinceps
558 1757 730 1791 factunnn
739 1756 847 1790 Atha-

141 1805 239 1839 nasio
267 1805 342 1843 176,
364 1804 416 1843 10,
442 1803 630 1838 Athanasii
654 1804 772 1847 partes
797 1813 847 1836 se·
882 1820 884 1826 ν

139 1853 264 1885 cuntur
304 1849 381 1886 193.
419 1850 474 1885 25.
516 1859 631 1883 corum
669 1848 847 1892 episcopus

139 1895 309 1940 Georgius
327 1907 348 1930 a
366 1895 575 1931 Constantio
594 1893 774 1928 ordinatur
790 1893 846 1930 82.

140 1942 192 1976 18.
219 1941 261 1976 de
288 1941 425 1976 actibus
443 1941 515 1975 eius
535 1943 724 1984 queruntur
740 1939 796 1978 81,
816 1939 846 1973 6.

140 1987 290 2032 Georgio
316 1999 385 2021 non
411 1986 705 2021 communicantes
731 1984 847 2019 crude-

136 2033 219 2067 liter
230 2035 428 2067 tractantur
443 2032 517 2070 193.
533 2031 586 2066 23.
601 2031 746 2076 Syriano
761 2029 847 2064 duce

137 2078 364 2114 Constantius
379 2077 423 2112 ad
436 2076 684 2112 Alexandriam
701 2076 847 2110 militem

138 2124 260 2164 mittit,
287 2123 378 2158 fores
395 2123 452 2158 dei
470 2123 591 2158 domus
608 2121 748 2157 obsidet
768 2121 844 2160 188,

140 2170 189 2204 10.
218 2181 318 2213 quam
343 2169 508 2214 plurimos
524 2168 693 2202 mactauit
718 2168 797 2206 286,
816 2167 845 2201 6.

135 2226 279 2259 corpora
311 2226 398 2259 quae
434 2214 567 2249 laniare
600 2213 715 2248 sanxit
751 2223 846 2257 sepe-

135 2261 191 2296 liri
209 2272 277 2295 non
294 2261 452 2305 permisit
469 2260 546 2299 289,
563 2260 580 2294 1
603 2262 727 2303 (¹Cum
745 2260 844 2295 ciues

136 2306 394 2342 Alexandrini
408 2306 710 2341 constantissime
725 2305 843 2340 Atha-

135 2353 245 2403 nasio
270 2353 440 2396 episeopo
466 2352 712 2386 adhaererent
730 2362 844 2394 neque
879 2378 880 2395 3

135 2409 175 2432 in
207 2398 287 2432 eius
321 2398 440 2433 locum
472 2397 600 2440 suffici
630 2407 844 2440 quemquam

134 2444 278 2486 ferrent
300 2444 525 2488 praesertim
553 2443 742 2477 Arianum
768 2443 843 2486 epi-

136 2500 298 2533 scopum,
326 2489 457 2524 iccirco
485 2489 525 2523 in
543 2499 602 2523 eos
627 2488 843 2523 Constantii

134 2534 244 2578 furor
257 2535 409 2579 saepius
423 2535 578 2577 exarsit,
591 2537 665 2568 tum
685 2534 843 2568 mazime
878 2534 879 2544 ¹

133 2591 216 2615 cum
257 2580 460 2626 Greyorius
493 2580 670 2631 primum.
710 2579 843 2614 deinde

137 2625 318 2671 Georyius
338 2626 412 2660 duo
426 2627 656 2661 Arianorum
673 2629 842 2659 monstra

133 2672 347 2706 Athanasio
364 2672 405 2706 in
423 2671 578 2706 exilium
596 2674 679 2705 acto
694 2671 842 2713 suffecti

133 2720 234 2759 sunt,
261 2717 478 2760 quibuscum
494 2716 637 2751 'tullum
655 2716 787 2751 habere
804 2727 842 2751 se
878 2742 880 2755 i

135 2762 327 2807 reliyionis
388 2762 677 2797 communionem
730 2762 841 2806 passi
878 2771 879 2790 1

133 2811 222 2842 sarit
271 2808 445 2843 catholici
487 2807 743 2842 Alexandrini
790 2807 841 2842 ad
878 2830 879 2835 ,

133 2853 314 2896 quaelibet
335 2854 466 2898 potius
488 2853 685 2888 toleranda
706 2853 841 2898 parati

973 992 1083 1025 quam
1119 992 1201 1016 eum
1227 982 1388 1016 Arianis
1419 983 1679 1019 conuenirent:

971 1027 1057 1061 hinc
1072 1030 1184 1062 atroae
1197 1027 1239 1062 in
1251 1027 1335 1062 illos
1344 1029 1555 1072 persecutio
1569 1034 1678 1074 mota,

972 1084 1065 1116 quae
1080 1076 1195 1107 totam
1214 1074 1406 1108 crudelius
1417 1075 1594 1118 peruasit
1608 1077 1678 1110 Ae-

970 1122 1126 1163 9yptum
1144 1119 1195 1153 ad
1209 1119 1347 1154 obitum
1366 1131 1480 1163 usqae
1499 1120 1678 1155 Constan-

973 1164 1028 1203 tii,
1049 1163 1131 1198 licet
1147 1164 1352 1209 aliquando
1371 1166 1593 1206 constiterit,
1614 1167 1678 1201 secl

969 1209 1085 1244 breni'
1131 1209 1246 1245 Coleti
1277 1212 1348 1245 not.
1381 1222 1412 1255 p.
1445 1211 1536 1249 240).
1572 1223 1680 1256 nuper

969 1255 1097 1289 multos
1122 1266 1192 1290 una
1215 1256 1329 1290 tincta
1345 1256 1604 1301 proscriptionis
1623 1257 1678 1292 de-

968 1301 1052 1334 iecit
1088 1304 1124 1335 et
1159 1302 1265 1335 uariis
1297 1301 1507 1336 cruciatibus
1539 1304 1679 1337 necauit

968 1345 1045 1387 300,
1082 1347 1101 1381 7
1142 1348 1275 1393 (Quae
1308 1348 1465 1390 Lucifer
1495 1348 1554 1383 hic
1586 1360 1678 1383 com-

968 1397 1157 1435 memorat,
1183 1393 1366 1427 uidentur
1384 1394 1583 1436 reserenda
1602 1405 1678 1429 esse

967 1438 1019 1473 ad
1044 1450 1104 1472 an.
1131 1441 1212 1482 360,
1239 1450 1309 1482 quo
1327 1439 1385 1474 hic
1403 1439 1494 1474 liber
1511 1440 1677 1484 scriptus

967 1483 1063 1526 fuit:
1099 1484 1207 1518 nulla
1241 1488 1364 1519 tamen
1401 1485 1445 1519 de
1480 1485 1546 1520 hoc
1587 1486 1677 1520 Con-

967 1530 1104 1564 stantii
1128 1530 1299 1573 facinore
1331 1531 1467 1565 mentio
1492 1531 1598 1575 apud
1623 1532 1676 1565 hi-

966 1576 1143 1610 storieos:
1160 1576 1195 1610 si
1214 1579 1346 1619 tamen,
1369 1576 1468 1619 quod
1485 1578 1542 1610 ait
1563 1577 1676 1612 Luci-

965 1621 1036 1664 fer,
1063 1622 1309 1655 memoriae
1334 1622 1560 1664 recentis,
1587 1623 1677 1657 *ueli-

966 1678 1045 1700 mus
1074 1667 1287 1712 intelhyere,
1308 1678 1455 1711 paucos
1473 1679 1566 1711 quae
1592 1672 1679 1703 ante

965 1723 1083 1746 aiinos
1096 1712 1340 1747 Constantius
1355 1713 1541 1748 aduersus
1554 1714 1677 1748 catho-

965 1757 1054 1791 licos
1063 1758 1343 1792 Alexandrinos
1354 1759 1554 1793 crudeliter
1565 1760 1578 1793 ἰ’
1583 1760 1676 1794 ussit

960 1805 1187 1848 perpetrari,
1214 1804 1313 1847 forte
1338 1805 1519 1839 coniicias
1553 1816 1595 1839 ea
1620 1805 1677 1839 hic

964 1850 1152 1893 enarrari,
1179 1861 1272 1893 quae
1297 1861 1397 1884 cirino
1422 1850 1572 1885 circiter
1596 1853 1677 1885 357.

968 1895 1149 1940 (ieorffius
1178 1896 1385 1940 Cappadox
1413 1895 1676 1930 Constantino-

958 1941 1040 1984 poli
1065 1941 1341 1975 Alexandriam
1366 1952 1539 1976 reuersus
1566 1942 1676 1986 impie

964 1987 1251 2030 saeuissimeque
1300 1997 1498 2032 ayyressus
1541 1991 1595 2022 est
1638 1987 1676 2021 in

963 2032 1244 2066 Alexandrinos
1295 2032 1417 2076 ipsius
1459 2032 1675 2067 Constantii

964 2078 1192 2112 auctoritate
1211 2082 1245 2112 et
1263 2078 1394 2112 edicto.
1427 2078 1518 2112 Vide
1537 2078 1675 2112 Sozom.

963 2123 1024 2156 lib.
1050 2126 1072 2157 4
1095 2135 1176 2168 cap.
1194 2127 1241 2158 10
1257 2124 1345 2158 edit.
1370 2123 1486 2158 Vales.
1505 2127 1537 2158 et
1551 2124 1675 2168 praef.

962 2172 1131 2248 {iggtram
1155 2169 1191 2214 §-
1210 2169 1281 2203 ΙΙΙ
1304 2167 1379 2204 IV'
1410 2168 1525 2204 Coleti
1550 2172 1622 2203 not.
1643 2180 1673 2213 p.

916 2260 1081 2294 Amasiae
1106 2259 1198 2294 filius
1223 2259 1277 2301 55,
1308 2259 1349 2293 12

915 2305 1144 2340 Antiochenis
1170 2307 1293 2339 contra
1319 2304 1510 2339 Eudoxium
1536 2305 1676 2339 litterae

962 2362 983 2384 a
1007 2350 1217 2386 Constantio
1243 2350 1349 2384 datae
1378 2350 1454 2393 117,
1480 2350 1519 2384 21

916 2395 1095 2430 Arelatum
1121 2395 1200 2435 329,
1226 2396 1247 2430 8

915 2441 1064 2475 Arriana
1089 2441 1242 2476 haeresis
1268 2440 1469 2475 idololatria
1496 2441 1550 2479 74,
1571 2441 1600 2476 1.
1623 2440 1672 2475 12.

963 2487 1015 2527 79,
1037 2486 1090 2522 18.
1115 2487 1171 2525 83.
1190 2487 1244 2521 26.
1271 2486 1326 2525 94.
1346 2487 1400 2522 27.
1429 2486 1504 2526 100,
1526 2486 1576 2521 17.
1598 2485 1673 2523 136,

964 2532 1016 2567 16.
1045 2532 1121 2569 142,
1147 2532 1201 2568 23.
1227 2532 1305 2572 212,
1331 2531 1386 2566 22.
1420 2535 1485 2567 etc.
1533 2531 1675 2566 Arriani

961 2577 1138 2612 iudicandi
1171 2577 1289 2622 quales
1323 2580 1359 2611 et
1392 2577 1523 2612 ethnici
1556 2576 1587 2618 5,
1620 2576 1675 2611 25.

961 2622 1170 2658 adulterium
1203 2622 1360 2667 spiritale
1393 2623 1616 2657 committunt
1642 2622 1674 2661 5,

959 2668 991 2703 8.
1021 2669 1073 2707 14,
1103 2669 1154 2704 12.
1205 2669 1267 2703 filii
1300 2668 1492 2703 meretricis
1518 2668 1594 2706 180,
1620 2667 1674 2702 25.

960 2714 1115 2749 membra
1141 2726 1184 2750 m.
1210 2715 1266 2753 24,
1289 2714 1340 2749 14.
1367 2713 1423 2754 25,
1442 2713 1495 2748 27.
1522 2713 1585 2748 filii
1603 2712 1674 2747 dia-

960 2759 1032 2794 boli
1054 2760 1131 2799 126,
1149 2761 1183 2800 4,
1211 2760 1335 2804 anguis
1353 2759 1495 2804 refugae
1523 2758 1598 2799 139,
1617 2758 1671 2793 20.

961 2806 1051 2840 serui
1066 2805 1263 2841 antichristi
1291 2805 1343 2845 10,
1362 2805 1414 2840 28.
1441 2805 1497 2843 23,
1515 2805 1569 2839 26.
1595 2803 1672 2839 262.

961 2851 1014 2886 19.
1039 2851 1119 2890 327,
1145 2851 1176 2886 8.
1210 2851 1407 2886 antichristi
1435 2850 1510 2889 106,
1538 2851 1567 2884 6.
1597 2849 1672 2888 124,
