1934 3278
593 267 647 301 De
672 268 795 301 sancto
820 266 1015 301 Athanasio
1041 267 1130 302 liber
1154 267 1198 303 II.
1569 269 1652 312 207

146 393 237 435 uias
268 404 365 435 suas
396 391 583 445 perditas
615 392 824 433 correctas
856 392 1114 445 perspexerit
1147 394 1188 434 et
1216 394 1260 435 te
1291 393 1331 434 in
1364 394 1556 437 omnibus
1576 408 1648 436 re-

146 462 367 504 formatum
401 472 492 502 esse
523 459 692 510 uiderit,
733 459 835 501 mihi
874 460 998 501 crede
1038 461 1136 514 quia
1172 461 1214 502 in
1254 461 1413 515 ingenti
1445 463 1648 506 felicitate

146 542 237 572 esse
268 530 377 571 inter
410 529 477 570 dei
510 528 689 570 famulos
719 528 906 582 incipies.

201 598 421 640 XXXIIII.
453 595 596 637 Habes
627 595 846 648 praeterea
876 594 1110 636 beatissimi
1140 595 1262 637 Pauli
1295 597 1472 650 apostoli
1505 610 1648 640 exem-

109 680 125 705 5
142 667 270 721 plum,
303 679 353 707 ne
386 665 490 707 forte
522 665 570 705 ut
599 664 670 704 ille
702 675 825 717 geras
846 664 949 705 haec
972 676 1045 717 per
1066 664 1358 718 ignorantiam,
1391 666 1503 719 quod
1526 667 1648 717 enim,

141 748 235 777 mox
276 736 322 776 ut
359 735 403 775 te
449 732 707 775 conuerteris
755 732 807 774 ad
847 733 1015 774 unicum
1059 733 1127 774 dei
1167 734 1300 776 filium
1347 735 1646 786 confitendum,

141 804 307 846 ueniam
338 803 504 844 tuorum
535 801 766 843 facinorum
797 801 844 842 ut
872 801 936 842 illi
965 801 1027 843 ita
1056 801 1133 843 tibi
1157 802 1211 843 sit
1231 802 1476 847 tributurus.
1509 805 1645 859 ipsum

142 884 328 926 sequere,
349 872 480 926 ipsius
504 870 769 924 adprehende
791 870 919 921 uiam,
950 871 1088 924 ipsum
1109 871 1446 925 Philippensibus
1466 874 1646 927 loquen-

139 942 226 983 tem
260 941 357 983 audi
390 941 432 982 et
463 940 654 994 quisnam
675 939 800 980 fuerit
827 940 921 981 ante
945 939 1198 993 agnitionem
1223 941 1264 981 et
1286 942 1485 994 quantam
1506 943 1645 984 beati—

89 1020 122 1046 10
139 1010 327 1052 tudinem
369 1010 464 1063 post
504 1008 757 1063 agnitionem
797 1008 996 1061 consequi
1034 1009 1247 1050 meruerit.
1307 1011 1473 1064 siquis
1503 1015 1646 1054 autem

136 1083 267 1134 putat
296 1093 337 1122 se
365 1080 574 1134 fiduciam
603 1078 752 1120 habere
782 1079 830 1120 in
860 1091 1001 1133 carne,
1042 1091 1112 1132 eqo
1150 1079 1290 1133 mayis
1329 1080 1646 1123 circumcisione

140 1152 293 1191 octaua
322 1148 390 1190 die
420 1148 470 1190 de
506 1161 651 1203 genere
682 1147 833 1201 Israel,
882 1146 996 1189 tribu
1033 1146 1284 1202 Beniamin,
1331 1148 1552 1192 Hebraeus
1595 1164 1646 1192 ecc

140 1218 358 1272 Hebraeis,
399 1217 629 1259 secundum
659 1215 784 1271 lcyem
814 1215 1094 1270 Pharisaeus,
1126 1217 1354 1258 secundum
1384 1217 1519 1260 zelum
1543 1232 1642 1272 per-

138 1299 313 1340 sequens
342 1285 569 1341 ecclesiam,
608 1285 837 1327 secundum
876 1285 1090 1327 iustitiam
1126 1299 1233 1339 quae
1262 1286 1311 1326 in
1341 1285 1424 1339 leqe
1453 1289 1512 1328 est
1541 1300 1640 1329 con—

90 1370 121 1396 15
140 1359 347 1407 uersatus,
385 1369 479 1398 cum
518 1367 643 1397 essem
674 1355 765 1396 sine
795 1354 994 1407 querella.
1035 1367 1140 1407 quae
1170 1354 1278 1396 mihi
1306 1355 1484 1408 fuerunt
1515 1356 1640 1398 lucra

139 1425 240 1467 haec
270 1425 518 1467 existimaui
549 1426 726 1478 propter
766 1423 982 1466 Christum
1019 1424 1281 1466 detrimenta.
1345 1427 1638 1468 uerumtamen

139 1494 286 1535 omnia
316 1493 503 1535 arbitror
523 1493 819 1535 detrimentum
841 1505 924 1534 esse
938 1495 1114 1546 propter
1137 1493 1413 1534 eminentiam
1434 1494 1636 1535 scientiae

140 1562 303 1606 Christi
333 1563 431 1605 Iesu
461 1562 627 1604 domini
656 1563 806 1616 nostri,
833 1565 1008 1615 propter
1036 1575 1157 1615 quem
1178 1563 1324 1604 omnia
1345 1562 1640 1605 detrimentum

130 1642 289 1684 passus
317 1642 412 1672 sum
451 1633 488 1672 et
518 1630 705 1672 arbitror
734 1632 932 1681 stercora,
963 1633 1010 1671 ut
1042 1629 1262 1672 Christum
1301 1631 1562 1684 lucrificiam
1605 1635 1646 1673 οὐ

86 1712 120 1738 :³0
138 1699 342 1741 inueniar
371 1699 421 1740 in
451 1698 535 1750 illo,
569 1712 656 1740 non
685 1698 843 1741 habens
863 1712 1001 1740 meam
1023 1699 1236 1740 iustitiam
1261 1713 1367 1752 quae
1386 1702 1445 1741 est
1465 1713 1515 1742 ex
1536 1699 1633 1754 leye,

137 1766 209 1808 secl
239 1765 364 1808 illam
394 1780 500 1820 quae
524 1780 606 1819 per
624 1767 749 1819 fidem
767 1767 866 1808 Iesu
889 1765 1065 1818 Christi,
1098 1781 1207 1820 quae
1226 1781 1276 1810 ex
1295 1768 1368 1810 deo
1390 1771 1451 1810 est
1470 1769 1641 1810 iustitia

138 1835 186 1876 in
216 1835 313 1890 fide,
344 1835 401 1877 acl
433 1836 746 1889 aynoscendum
776 1835 902 1878 illum
932 1838 972 1877 et
990 1836 1191 1877 uirtutem
1211 1837 1529 1879 resurrectionis
1550 1838 1640 1879 eius

137 1906 177 1945 et
207 1904 630 1947 communicationem
654 1905 906 1958 passionum
928 1905 1031 1959 eius,
1063 1906 1310 1947 cooneratus
1331 1908 1462 1947 morte
1483 1906 1636 1958 ipsius,

135 1972 173 2014 si
189 1986 268 2026 quo
285 1973 405 2015 modo
422 1986 642 2015 occurram
665 1975 711 2015 in
733 1974 1075 2016 resurrectionem
1093 1974 1182 2015 eius
1203 1987 1309 2026 quae
1324 1976 1383 2015 est
1400 1988 1426 2014 a
1447 1975 1638 2016 mortuis.

85 2053 118 2080 ιδ
137 2040 246 2082 sicut
268 2041 310 2082 et
339 2041 423 2083 iam
456 2041 615 2083 dictum
639 2043 714 2092 est,
746 2042 874 2083 istum
895 2041 1074 2093 imitare,
1096 2041 1224 2083 istum
1248 2054 1435 2095 sequere,
1460 2042 1518 2093 ut,
1542 2042 1639 2096 quia

137 2110 180 2151 et
223 2109 294 2151 ille
335 2110 470 2151 fuerat
509 2109 620 2163 quod
658 2110 705 2151 tu
744 2122 865 2161 nunc,
913 2111 990 2152 hoc
1031 2111 1096 2152 est
1134 2112 1377 2164 persecutor
1417 2111 1636 2161 ecclesiae,

136 2178 310 2232 negator
342 2178 454 2220 unici
485 2178 559 2219 filii
595 2178 675 2229 dei,
722 2178 947 2220 inueniaris
987 2179 1045 2220 sic
1091 2178 1144 2220 ad
1176 2179 1470 2232 consequenda
1510 2192 1639 2234 regna

136 2246 338 2288 caelestia
367 2247 495 2289 fuisse
528 2260 769 2299 conuersus,
803 2261 827 2289 a
856 2247 1033 2302 perfidia
1064 2247 1117 2289 ad
1159 2247 1286 2289 fidem
1327 2248 1636 2302 suscipiendam

136 2316 401 2368 catholicam,
435 2317 494 2358 sic
526 2317 568 2358 te
599 2317 822 2359 transitum
853 2317 1004 2359 fecisse
1036 2317 1087 2358 de
1109 2317 1242 2358 morte
1267 2317 1318 2358 ad
1340 2317 1484 2358 uitam.
1518 2316 1635 2357 illum

84 2394 118 2420 ³0
137 2384 290 2426 etenim
321 2398 394 2438 per
424 2385 701 2439 ignorantiam
736 2386 801 2427 dei
833 2387 960 2427 fuisse
992 2387 1259 2439 persecutum
1301 2385 1524 2426 ecclesiam
1558 2385 1635 2426 ad-

136 2452 215 2494 huc
249 2454 391 2507 accipe
424 2454 550 2496 etiam
585 2455 803 2496 Timotheo
837 2454 1048 2508 aperiente
1082 2454 1132 2495 de
1165 2455 1297 2496 semet
1328 2454 1439 2507 ipso:
1480 2454 1636 2496 scimus

135 2525 273 2564 autem
305 2523 510 2576 quoniam
543 2524 651 2566 bona
672 2527 730 2565 est
753 2523 832 2576 lex,
862 2524 900 2565 si
922 2524 1016 2577 quis
1037 2537 1087 2565 ea
1109 2523 1289 2577 leqitimc
1313 2526 1469 2575 utatur,
1502 2523 1634 2564 sciens

273 2682 315 2715 10
340 2681 429 2716 Phil.
455 2681 489 2723 3,
514 2683 622 2717 4-11
720 2683 759 2717 31
789 2682 803 2717 1
828 2683 913 2717 Tim.
941 2683 971 2723 1,
998 2682 1111 2717 8—14

203 2819 220 2852 7
241 2817 301 2851 illa
317 2827 363 2855 m.
382 2822 400 2853 1
498 2820 539 2853 15
561 2819 735 2863 quaerella
831 2819 872 2853 18
890 2818 1102 2853 detrimenta
1122 2831 1139 2854 υ
1234 2819 1275 2853 19
1293 2818 1505 2853 lucrifaciam
1524 2830 1543 2853 v

135 2879 177 2912 23
203 2875 437 2910 c-.·uf‹=nnatus
462 2877 564 2911 morti
595 2877 772 2910 Latinius
866 2877 909 2910 25
936 2876 1064 2910 imitari
