1934 3278
287 268 370 310 256
942 266 1142 300 Luciferi

289 395 429 436 sextus
472 394 624 435 dixerit
661 394 840 447 inspice,
890 394 930 434 et
970 394 1157 435 inuenies
1198 406 1271 435 nos
1314 407 1360 435 eo
1401 407 1531 436 cuneo
1562 394 1685 436 reniti
1715 394 1791 436 tibi

288 463 454 505 turbido
495 463 704 516 procellae
761 475 840 516 quo
890 462 952 503 illi
1003 462 1169 504 fuerunt
1209 462 1457 504 renitentes:
1503 463 1593 505 noli
1625 465 1793 517 frustra

287 546 452 584 errare;
483 546 559 574 nos
584 533 696 574 enim
713 535 885 585 propter
905 535 1062 574 nosmet
1082 533 1195 585 ipsos
1226 531 1324 573 haec
1349 532 1547 584 patimur
1570 535 1791 584 peccantes

289 603 336 643 in
368 602 490 643 deam
522 606 733 654 nostrum,
776 604 816 643 et
845 603 979 656 diyna
1010 602 1297 643 admonitione
1328 601 1445 654 facta
1476 604 1595 650 sunt;
1637 604 1678 642 tu
1712 615 1790 642 ai«-

286 674 367 712 tem
399 684 449 711 ne
479 674 516 712 te
547 671 760 714 existimes
792 672 954 724 inpune
991 670 1207 723 faturum,
1255 684 1349 712 cum
1380 673 1526 712 contra
1557 671 1680 711 deam
1704 685 1790 724 pn-
1830 689 1844 713 5

283 753 418 793 qnare
459 741 740 792 temptaueris.
793 739 970 792 probant
1011 739 1211 792 epistolae
1250 751 1369 780 meae
1409 738 1713 780 mediocritatis
1752 739 1793 781 et

285 808 381 849 libri
412 808 570 849 rustico
602 808 703 849 licet
735 821 923 850 sermone
959 807 1156 862 descripti
1187 821 1253 849 me
1295 820 1417 861 saepe
1461 808 1632 858 dixisse,
1682 808 1792 861 quod

285 879 461 930 peccata
503 878 671 931 quidem
711 876 886 918 fecerint
923 877 1086 927 nostra,
1127 877 1174 918 ut
1203 877 1243 918 in
1274 878 1369 918 tuas
1403 877 1634 919 antichristi
1666 890 1789 930 prae-

286 947 467 988 cursoris
499 947 737 988 ueniremus
768 959 930 997 manus,
963 947 1006 987 te
1038 948 1178 987 tamen
1210 959 1395 1000 pugnare
1429 947 1572 988 contra
1606 946 1728 988 deum
1753 947 1792 987 et

284 1015 454 1059 idcirco.
488 1015 567 1057 nisi
599 1016 675 1057 tibi
706 1016 992 1070 prospexeris,
1025 1017 1067 1057 te
1101 1016 1270 1069 quidem
1302 1017 1348 1057 ut
1378 1016 1505 1057 istum
1540 1015 1791 1057 Antiochum
1813 1030 1843 1054 ιο

284 1084 324 1124 111
358 1085 570 1126 aeternam
602 1098 778 1139 poenam
810 1085 1015 1136 futurum,
1057 1085 1175 1127 nobis
1215 1098 1313 1126 uero
1354 1085 1675 1138 propitiaturum
1714 1084 1789 1125 do-

283 1153 452 1195 minum.

340 1223 475 1264 XXII.
529 1224 683 1266 Dolens
725 1237 787 1275 es,
836 1237 909 1265 cur
948 1224 1182 1265 commissis
1215 1225 1332 1265 nobis
1363 1225 1405 1265 te
1440 1224 1480 1265 et
1512 1225 1702 1277 quisnam
1735 1224 1790 1267 sis

283 1292 521 1334 reuelemus
565 1294 605 1334 et
637 1294 748 1347 quod
781 1294 834 1335 sit
867 1293 1037 1347 dignum
1072 1293 1305 1334 antichristi
1335 1294 1526 1335 umbram
1557 1294 1598 1334 te
1636 1293 1790 1335 calcari

286 1373 309 1401 a
331 1362 493 1403 cunctis
518 1362 671 1404 Christi
694 1363 911 1404 militibus.
945 1364 1018 1416 9111
1049 1376 1124 1416 1110,
1157 1363 1306 1415 inquis,
1341 1363 1503 1404 calcare
1529 1365 1790 1415 potuerant?
1812 1373 1841 1397 15

282 1430 342 1470 1111
385 1444 507 1484 quos,
558 1444 630 1472 cur
678 1444 720 1473 se
769 1432 1026 1473 Christianos
1073 1431 1302 1482 fateantur,
1351 1432 1589 1473 carceribus
1635 1433 1790 1474 retines

282 1501 482 1550 reclusos,
515 1500 764 1553 patrimonio
796 1500 949 1553 prinas,
990 1500 1094 1542 facis
1128 1500 1324 1550 extorres,
1357 1501 1541 1553 torques,
1573 1501 1787 1543 interficis.

282 1570 376 1611 hinc
409 1582 482 1611 nos
513 1569 743 1611 insolentes
777 1582 867 1610 esse
900 1581 1068 1619 censes,
1111 1569 1222 1622 quod
1254 1569 1425 1610 cunctos
1457 1570 1573 1611 nobis
1607 1570 1788 1612 creditos

283 1639 554 1692 deprecemur
595 1637 751 1679 diaboli
793 1638 957 1678 calcare
1005 1638 1149 1691 caput,
1199 1637 1427 1690 sacrilegos
1475 1639 1648 1680 conatus
1693 1640 1788 1681 tuos

282 1708 438 1749 uirtute
485 1707 727 1761 passionum
774 1720 943 1749 suarum
982 1707 1208 1748 inlata-rum
1248 1721 1320 1760 pro
1355 1707 1519 1749 Christo
1560 1708 1623 1748 dci
1667 1708 1788 1749 unico
1807 1722 1839 1747 κ)

282 1777 368 1818 filio
402 1776 611 1818 deducere
645 1777 698 1817 ad
729 1776 916 1818 nihilum.
952 1776 1005 1818 sit
1035 1776 1112 1818 tibi
1146 1778 1186 1818 et
1217 1777 1290 1819 illa
1322 1777 1623 1831 gloriosissima
1654 1777 1788 1818 mater

282 1847 443 1898 septem
484 1846 631 1887 horum
673 1845 855 1886 filiorum
897 1845 1098 1895 insolens,
1148 1846 1243 1898 quia
1287 1846 1339 1887 ad
1378 1846 1637 1887 coamentem
1669 1846 1787 1887 tuum

281 1914 534 1956 uincendum
580 1914 831 1956 Antiochum
880 1927 976 1956 suos
1022 1915 1193 1955 inlicere
1242 1915 1413 1968 dignata
1459 1914 1567 1956 filios
1616 1914 1786 1955 dicens:

281 1985 415 2025 nescio
446 1984 629 2036 qualiter
660 1984 709 2024 in
740 1986 857 2025 atero
889 1996 974 2024 meo
1007 1984 1286 2036 apparuistis,
1321 1997 1452 2036 11091ιο
1485 1997 1554 2037 090
1588 1984 1787 2036 spiritum

281 2053 444 2093 donant
475 2053 591 2094 uobis
622 2055 659 2094 et
689 2052 826 2093 uitam
856 2055 892 2093 et
923 2051 1187 2106 sinynlorum
1219 2052 1543 2093 membraturam
1576 2065 1660 2093 non
1691 2053 1787 2106 ipsa
1806 2065 1838 2090 25

282 2122 477 2175 001111091”,·
507 2121 576 2162 sed
606 2121 719 2162 enim
749 2121 900 2162 mundi
930 2124 1105 2170 creator,
1138 2121 1211 2173 9111
1240 2120 1446 2173 formauit
1467 2120 1649 2162 hominis
1670 2121 1785 2162 nati-

280 2190 455 2230 nitatem
486 2190 637 2242 quique
668 2189 856 2230 omnium
893 2191 1109 2230 scrutatur
1140 2189 1344 2242 oriyinem
1377 2192 1414 2230 ct
1444 2189 1642 2241 spiritam
1673 2189 1787 2231 uobis

281 2272 374 2300 cam
414 2258 706 2299 misericordia
746 2258 901 2299 iterum
941 2258 1082 2299 reddet
1122 2260 1159 2299 et
1189 2258 1343 2307 uitam,
1390 2258 1516 2299 sicuti
1558 2271 1670 2299 1111110
1710 2272 1785 2299 uos

281 2328 394 2380 ipsos
432 2327 645 2379 despicitis
677 2330 850 2379 propter
888 2326 992 2379 ῐο903
1033 2327 1133 2369 eius,
1185 2327 1288 2368 haec
1332 2326 1470 2368 dicere
1510 2339 1588 2368 non
1623 2327 1785 2369 destitit

280 2395 378 2436 filiis
424 2395 623 2449 religiosa
666 2396 824 2446 mater,
871 2395 1034 2436 fortiter
1072 2395 1180 2436 filios
1223 2394 1421 2448 diligens,
1470 2396 1607 2448 quoad
1652 2409 1784 2450 usque
1804 2407 1838 2432 30

282 2465 454 2506 cunctos
488 2464 741 2506 aduertisset
770 2464 1023 2506 interfectos.
1077 2476 1150 2505 nos
1184 2465 1347 2514 contra,
1387 2476 1488 2517 quos
1520 2465 1785 2517 praedixerat

416 2601 436 2633 2
462 2601 495 2635 Π
519 2601 631 2636 Mach.
662 2603 693 2642 7,
721 2601 772 2636 18.
801 2601 843 2635 19
938 2601 981 2634 24
1006 2601 1052 2635 ib.
1080 2602 1110 2644 7,
1137 2601 1189 2635 22.
1215 2600 1260 2634 23

348 2714 370 2747 4
403 2713 632 2749 admiratione
660 2716 851 2759 Sabatier‚·
884 2715 969 2756 ἄξια
1001 2715 1224 2758 θαυμασμοῦ
1256 2715 1371 2749 LXX
1512 2716 1550 2750 11
1586 2715 1688 2750 futur·

282 2771 323 2804 17
348 2770 443 2805 faces
540 2772 581 2805 19
608 2772 719 2817 capud
812 2774 956 2807 conatos
1051 2772 1094 2806 22
1120 2773 1337 2807 coamentem
1368 2773 1401 2807 V
1421 2776 1463 2807 ut
1488 2774 1651 2808 Peneius
1677 2775 1781 2811 coni..

281 2830 525 2862 conamentum
550 2840 570 2862 v
709 2829 752 2862 23
779 2829 926 2874 dignata
959 2830 1005 2864 sit
1037 2829 1130 2864 coni.
1165 2829 1359 2873 Latinius,
1393 2828 1509 2863 dicata
1540 2831 1572 2864 1⁷
1599 2842 1643 2865 m.
1669 2834 1688 2864 1

281 2884 324 2918 27
351 2886 526 2919 scrutatur
550 2886 698 2930 scripsi,
725 2887 898 2921 scrutator
927 2888 977 2922 Vv
1071 2886 1241 2930 originum
1266 2897 1286 2921 v
