1934 3278
601 229 847 263 nominum
880 231 927 264 et
957 240 1130 264 rerum.

127 352 447 396 notissimum,
485 364 567 388 cum
602 354 781 389 oiirnirum
818 365 836 388 e
866 353 870 428 J

132 398 280 441 Galliis,
305 398 371 432 ubi
387 398 576 443 emulabat,
602 400 652 433 ad
671 400 835 434 Aleman-

127 443 278 478 drinam
303 444 491 478 eeclesiam
520 448 720 480 reuocatus
745 445 834 488 fuit'
867 429 872 521 ΙΙ

126 488 198 524 Col.
224 491 295 524 not.
324 500 356 533 p.
384 489 471 532 143).
498 490 585 524 nihil
611 490 773 535 deinceps
798 502 835 525 se

126 534 208 568 mali
233 534 404 568 facturum
420 535 615 570 Athanasio
641 536 733 570 iurat
758 536 835 576 116,

125 580 178 614 10.
199 580 274 621 117,
299 580 350 615 13.
376 583 498 615 contra
514 581 747 616 Athanasium
764 593 836 616 sus-

127 627 266 705 {issmfi
290 627 371 705 ²333}
383 626 837 716 ifinssssssoissrsslffiffissssff

127 717 188 760 (cf.
202 717 385 751 concilium
397 717 615 764 Serdicense)
627 718 836 754 homicidam

125 765 266 796 accusat
294 762 368 803 181,
398 763 449 798 13.
497 766 651 808 tempore
677 775 742 809 quo
766 764 836 799 Ita—

125 808 208 842 liam
234 809 416 852 occupauit
442 812 517 851 (an.
535 812 619 854 354)
648 809 706 844 dei
730 811 836 845 eecle-

125 854 212 887 siam
235 855 354 888 tentat
378 857 514 889 uertere
540 855 594 895 53,
622 857 652 895 7,
680 866 715 890 se
733 857 837 900 fingit

129 909 228 933 ouem
247 899 323 939 154,
342 899 397 940 25,
425 911 460 934 se
479 901 582 945 fingit
600 902 836 937 Christianum

108 945 162 989 9,
188 945 219 979 5.
246 945 300 985 58,
319 946 373 980 27.
399 946 477 987 220,
500 946 550 982 15.
576 947 654 985 271,
679 948 730 983 17.
756 948 835 988 298,

125 990 179 1024 24.
205 1001 326 1034 pacem
350 991 424 1025 fieri
450 1003 486 1026 se
512 992 601 1027 uelle
620 993 706 1027 dicit
722 994 758 1027 in
776 1005 836 1028 suo

125 1036 268 1080 imperio
299 1037 332 1075 9,
360 1037 389 1071 7.
417 1037 470 1075 13,
498 1038 528 1072 9.
564 1039 616 1079 14,
647 1039 674 1073 1.
700 1039 755 1079 20,
785 1040 836 1074 14.

125 1082 181 1122 67,
218 1082 268 1116 19.
304 1082 378 1123 161,
415 1083 467 1118 16.
508 1084 585 1124 268,
621 1085 652 1120 4.
692 1085 771 1125 320,
808 1086 836 1120 1.

125 1128 361 1172 tranquillitas
386 1129 582 1173 appellatur
605 1130 684 1170 330,
712 1131 763 1166 13.
785 1132 835 1166 16.

125 1173 203 1213 327,
231 1174 282 1208 19.
309 1173 386 1215 331,
415 1176 443 1210 7.
471 1175 562 1219 quod
579 1177 743 1211 nescierit
758 1179 838 1211 utra

126 1229 208 1253 uera
235 1219 322 1253 fides
349 1222 441 1254 esset
467 1231 502 1255 se
529 1224 669 1256 excusat
689 1223 764 1262 189,
783 1223 837 1258 27.
872 1251 875 1265 ,

127 1264 383 1299 defendendum
401 1267 508 1301 semel
533 1270 730 1312 susceptum
756 1268 837 1313 dog-

125 1322 182 1344 ma
214 1310 299 1344 dicit
329 1311 476 1346 honesta
506 1314 688 1348 uoluntate
721 1325 838 1348 errans
873 1305 875 1339 ἶ

126 1356 204 1397 307,
226 1357 279 1396 14,
306 1368 342 1390 se
360 1357 591 1393 Athanasium
610 1359 774 1394 damnare
799 1362 839 1394 ut

127 1402 191 1436 deo
216 1401 371 1445 placeret
389 1404 464 1444 158,
485 1404 536 1439 15.
562 1407 741 1450 tamquam
758 1416 838 1440 uere

127 1447 171 1482 ad
197 1459 233 1481 se
251 1448 362 1481 omnis
381 1459 461 1483 cura
479 1450 645 1484 ecclesiae
663 1451 839 1495 pertineat
874 1479 875 1482 ,

127 1495 180 1528 est
213 1493 382 1527 sollicitus
423 1495 512 1535 268,
558 1496 608 1531 10.
660 1497 838 1541 episcopos

127 1538 189 1572 sub
223 1550 319 1573 suam
345 1539 513 1574 ditionem
538 1541 694 1586 redigere
720 1542 839 1577 studet

128 1585 212 1625 114,
248 1584 301 1619 23.
341 1586 423 1627 125,
459 1587 511 1622 18.
559 1588 737 1632 episcopus
771 1589 839 1632 epi-

126 1641 304 1674 scoporum
351 1631 394 1665 ab
435 1632 593 1667 Arrianis
640 1634 840 1668 nominatur

127 1675 204 1715 311,
240 1676 283 1709 25
322 1675 414 1720 (Ita
450 1678 669 1714 Constantio
707 1680 837 1714 adula-

128 1723 278 1761 bantur,
317 1724 380 1766 qui
411 1724 452 1757 <in
486 1726 717 1767 definiendas
750 1726 838 1768 fidei

127 1769 402 1803 controuersias
436 1774 542 1804 semet
571 1771 779 1816 inyerebat,·
804 1776 837 1805 et

126 1814 191 1848 hoc
228 1814 336 1848 titulo
369 1815 487 1849 ueluti
519 1817 838 1860 honorificentiore

129 1859 368 1894 donabantur
382 1862 553 1905 episcopi,
572 1863 635 1905 qui
653 1863 839 1908 cliynitate
874 1900 876 1912 1

128 1908 195 1939 aut
228 1905 370 1939 uirtute
404 1911 470 1941 aut
501 1908 674 1942 doctrina
702 1912 838 1943 ceteros

127 1951 391 1985 antecedebant
407 1972 451 1976 —
469 1965 550 1987 cums
567 1955 669 1988 homo
696 1955 728 1988 is
746 1958 839 1989 esset
875 1989 877 2000 ,

133 1996 398 2041 Constantius,
440 1999 503 2042 qui
543 2000 755 2044 damnatum
796 2011 839 2034 ac

127 2041 243 2086 leyurn
285 2043 618 2079 ecclesiasticarum
661 2046 840 2090 peritiam
876 2050 878 2088 ξ

697 2103 769 2135 pro
803 2092 838 2126 S.
876 2098 878 2123 3

129 2087 306 2132 iactaret,
348 2093 387 2122 ut
426 2091 465 2124 in
504 2091 596 2125 libro
629 2094 663 2126 2.

130 2134 342 2168 Athanasio
380 2135 475 2170 idem
509 2137 664 2179 Lucifer
703 2137 746 2171 de
777 2137 840 2171 illo

127 2180 278 2213 scribit:
315 2181 391 2223 qui
428 2185 467 2215 te
493 2182 611 2226 leyis
632 2183 841 2226 peritum
877 2181 879 2196 ³

129 2225 201 2258 uis
227 2226 386 2260 uideri
412 2227 501 2270 [172,
520 2228 587 2271 26],
605 2232 638 2262 ct
658 2229 724 2262 sub
744 2229 840 2263 cius-

129 2269 207 2304 dem
249 2272 334 2305 libri
374 2272 506 2307 initia:
546 2274 682 2308 credo
718 2274 842 2307 nihil
875 2277 879 2310 ¹.

127 2325 367 2352 sacrarum
417 2322 456 2352 te
495 2319 660 2364 fuyere
700 2321 841 2363 scrip-

130 2364 364 2405 turarum,
391 2365 840 2409 nequeenimposses

128 2409 315 2459 ιάνᾳῃία
344 2410 476 2444 nobis
496 2411 711 2444 mandata
730 2411 842 2444 stare

128 2463 224 2487 nesi

130 2547 163 2577 et
189 2545 229 2578 in
255 2545 314 2580 lib.
341 2548 384 2580 dc
416 2558 490 2581 non
521 2558 626 2591 parc.
654 2547 694 2581 in
720 2547 841 2582 Deum

130 2589 352 2634 delinquent.
391 2592 443 2626 (le
476 2604 561 2636 quo
593 2593 634 2627 id
667 2596 720 2627 cst
755 2594 841 2626 Iesu

136 2635 282 2670 Christo
332 2638 480 2671 libros
521 2639 732 2682 scriptos
775 2638 841 2672 de·
878 2644 880 2659 “

131 2679 255 2715 (listi
282 2682 371 2726 [⁶265.
401 2683 451 2718 16.
479 2685 524 2726 cf.
553 2684 631 2719 212.
657 2684 730 2735 25]3
755 2684 842 2718 haec

264 2455 445 2496 fuisses
487 2456 606 2501 Ieyis
654 2457 840 2499 peritus
878 2456 879 2459 ’

131 2498 231 2542 [165,
270 2499 324 2544 5];
364 2502 460 2544 quod
501 2502 640 2535 ironice
681 2502 841 2545 (ἰιόειιηι,ι
877 2538 880 2551 ι

130 2730 250 2761 autem
289 2729 334 2761 ab
372 2729 531 2764 Arianis
563 2730 744 2773 episcopis
777 2730 841 2763 im-

126 2774 315 2814 peratoris
355 2775 501 2809 nomine
549 2775 753 2809 edebantur
802 2775 842 2808 in

130 2815 274 2861 aulyzcs'
303 2819 377 2854 Col.
403 2822 475 2854 not.
500 2831 578 2864 pag.
604 2820 696 2859 262).
726 2820 842 2854 catho-

130 2860 214 2896 licos
251 2864 428 2908 episcopos
459 2866 691 2900 communioni
729 2865 841 2899 Arria-

1579 232 1663 274 345

952 363 1073 387 norum
1110 354 1251 398 iungere
1283 354 1403 388 studet
1433 355 1466 394 9,
1495 356 1547 390 15.
1584 355 1662 391 212.

951 399 1005 433 22.
1042 401 1163 434 contra
1187 399 1418 434 Athanasium
1443 411 1504 444 per
1528 412 1605 435 eum
1631 404 1667 435 et

951 455 1031 478 suos
1064 447 1264 479 constructa
1296 447 1350 479 est
1381 446 1542 480 maehina
1569 451 1665 490 (con-

951 490 1078 525 cilium
1103 491 1384 525 Mediolanense
1409 503 1442 526 a.
1467 494 1552 535 355)
1588 492 1664 529 165.

953 535 996 570 14
1026 536 1153 579 (Tota
1182 536 1478 571 Mediolanensis
1516 538 1665 572 concili-

953 582 1056 616 abuli
1087 581 1260 617 machina
1290 592 1329 616 eo
1358 593 1540 617 conuersa
1573 587 1664 626 crat,

952 630 995 661 ut
1020 628 1258 662 Athanasius
1277 628 1322 662 ab
1341 629 1523 672 episcopis
1542 630 1665 663 catho-

953 673 1035 707 licis
1085 673 1312 717 praesertim
1372 674 1663 709 occidentalibus

954 718 1200 753 damnaretur
1216 719 1335 753 ueluti
1352 720 1550 754 criminum
1566 731 1664 763 reus,

954 775 1046 807 quae
1071 765 1112 798 in
1136 765 1242 799 illum
1274 765 1451 799 haeretici
1485 766 1592 800 toties
1617 766 1664 808 ef-

953 811 1164 854 linoeerant5
1210 814 1260 844 ut
1300 811 1348 845 in
1359 811 1383 845 (l
1393 822 1410 845 e
1449 812 1485 844 A
1494 822 1513 844 r
1522 811 1535 845 i
1544 822 1567 844 a
1577 822 1603 845 n
1614 822 1637 845 a
1648 824 1665 845 c

954 855 1231 900 impietati,
1272 857 1411 891 cuius
1451 860 1555 890 erat
1587 868 1664 901 pa-

956 904 1126 936 tronus
1158 902 1491 946 Constantius,
1518 903 1664 946 speci-

954 957 1015 980 em
1041 947 1244 990 aliquam
1276 948 1578 989 conciliaret,
1609 948 1666 982 in-

955 992 1035 1035 quit
1054 993 1290 1028 Athanasius
1309 994 1349 1027 in
1367 994 1471 1037 epist.
1491 994 1542 1027 ad
1560 994 1664 1028 Solit.

949 1038 1157 1082 Episcopos
1183 1039 1309 1082 itaque
1333 1039 1536 1083 imperator
1561 1050 1666 1085 urye-

949 1084 1068 1126 bat,ut
1079 1085 1376 1119 inAthanasium
1385 1082 1664 1119 subscriberent'

955 1128 1027 1164 Col.
1043 1131 1114 1164 not.
1132 1140 1210 1174 pag.
1230 1130 1320 1175 128).
1338 1141 1466 1164 uanum
1485 1131 1666 1164 concilium

955 1175 991 1208 in
1018 1186 1083 1219 quo
1102 1186 1202 1209 omne
1220 1175 1401 1210 consilium
1426 1187 1495 1209 non
1522 1178 1576 1210 est
1600 1177 1668 1210 nisi

954 1222 994 1254 ut
1026 1220 1082 1254 (lei
1113 1223 1260 1265 negetur
1290 1221 1382 1255 filius
1415 1221 1468 1261 12,
1497 1222 1526 1256 1.
1575 1222 1668 1266 cogit

956 1266 1135 1310 episcopos
1152 1266 1383 1301 Athanasium
1409 1267 1592 1301 absentem
1617 1268 1667 1301 in-

956 1311 1114 1346 auditum
1132 1312 1298 1346 damnare
1315 1313 1370 1351 66,
1389 1313 1420 1347 4.
1438 1313 1493 1352 67,
1515 1313 1569 1347 24.
1590 1313 1665 1349 190.

957 1358 1010 1392 10.
1050 1358 1128 1399 279,
1170 1358 1191 1391 2
1242 1359 1305 1401 (cf.
1345 1358 1586 1402 Athanasius).
1637 1359 1668 1392 ei

956 1403 1172 1438 audientiam
1198 1403 1311 1438 aufert
1339 1404 1416 1443 180,
1437 1404 1490 1438 12.
1517 1404 1593 1443 190,
1615 1404 1666 1438 12.

958 1449 1034 1487 191,
1061 1449 1091 1483 2.
1120 1449 1196 1486 192.
1226 1450 1277 1484 14.
1306 1449 1382 1489 193,
1411 1449 1464 1487 13,
1503 1449 1605 1484 Pauli
1630 1461 1667 1484 se

957 1495 1111 1538 exemplo
1138 1495 1329 1529 defendens
1356 1495 1432 1536 170,
1459 1495 1489 1529 5.
1516 1495 1668 1530 edictum

957 1541 1028 1574 eius
1050 1540 1102 1579 13,
1122 1541 1153 1575 9.
1174 1541 1227 1577 19.
1245 1541 1277 1575 4.
1295 1541 1350 1581 26,
1370 1541 1424 1575 24.
1444 1541 1519 1581 142,
1540 1542 1570 1576 7.
1588 1541 1666 1577 242,

955 1586 1008 1620 21.
1026 1586 1104 1627 265,
1133 1587 1184 1621 16.
1202 1586 1279 1626 283,
1299 1587 1329 1621 9.
1355 1586 1433 1627 287,
1460 1587 1491 1621 5.
1517 1586 1595 1627 291,
1613 1586 1667 1621 23.

955 1632 1033 1673 292,
1048 1632 1092 1666 23
1111 1630 1136 1676 (‘
1139 1633 1288 1667 Narrat
1303 1632 1493 1676 Sulpicius
1509 1632 1667 1667 Seuerus

955 1678 996 1711 in
1029 1678 1088 1712 lib.
1113 1680 1148 1713 2.
1182 1678 1284 1712 Hist.
1310 1678 1450 1713 Eccles.
1482 1678 1665 1712 Valentem

956 1727 988 1757 et
1021 1724 1214 1758 Vrsacium
1240 1724 1281 1758 in
1306 1724 1461 1758 concilio
1488 1723 1667 1758 Mediola-

954 1770 1062 1803 nensi
1102 1773 1307 1813 ceterosque
1343 1770 1509 1803 Arianos
1550 1773 1668 1804 metu

949 1815 1123 1858 plebis,
1162 1826 1274 1859 quae
1299 1815 1584 1850 catholicam
1609 1815 1667 1858 fi—

956 1861 1050 1895 dem
1080 1862 1265 1906 cyreyio
1298 1861 1457 1895 studio
1490 1871 1667 1895 conser-

954 1907 1120 1949 nabat,
1161 1918 1250 1941 non
1291 1917 1432 1941 ausos
1468 1906 1665 1951 piacula

950 1952 1203 1996 profiteri5
1220 1953 1353 1986 intra
1366 1952 1605 1996 palatium
1624 1963 1669 1986 se

955 2009 1268 2043 conyrcyasse
1282 2011 1292 2032 :
1331 1998 1490 2041 illinc,
1532 1998 1666 2041 inquit.

957 2044 1202 2087 epistolam
1240 2044 1320 2078 sub
1357 2044 1666 2087 imperatoris

955 2089 1134 2123 nomine
1166 2090 1383 2124 emittunt
1415 2089 1535 2123 omni
1563 2100 1666 2132 pra-

956 2135 1108 2169 uitate
1125 2136 1367 2178 refertam,
1386 2146 1430 2169 eo
1448 2135 1667 2169 nimirum

957 2181 1174 2224 consilio,
1215 2185 1264 2215 ut
1303 2181 1342 2215 si
1378 2192 1467 2215 eam
1507 2181 1666 2223 aequis

958 2227 1153 2261 auribus
1176 2227 1379 2271 populus
1397 2227 1665 2270 recepisset,

953 2273 1144 2316 publica
1177 2273 1469 2307 ‹mictorltate
1501 2272 1665 2316 cupita

953 2319 1247 2362 proferrent,·
1279 2319 1352 2353 sin
1384 2318 1526 2351 aliter
1551 2317 1666 2359 fuis-

957 2368 1024 2397 set
1050 2368 1262 2407 eaecepta,
1295 2364 1443 2398 omnis
1476 2362 1666 2397 inuidia

957 2414 1073 2444 esset
1110 2411 1153 2443 in
1192 2420 1293 2454 reye
1331 2413 1370 2443 et
1405 2409 1478 2452 ips
1492 2420 1515 2442 a
1547 2409 1666 2442 ueni-

958 2455 1069 2498 alis;
1107 2455 1214 2499 quia
1251 2455 1389 2489 etiam
1427 2458 1517 2488 tum
1549 2457 1666 2488 cate-

957 2501 1200 2535 chumenus
1237 2503 1578 2534 sacramentum
1610 2499 1666 2542 fi-

958 2546 1030 2581 (lei
1067 2547 1228 2581 merito
1258 2547 1504 2580 uideretur
1530 2548 1666 2589 potu-

958 2592 1050 2626 isse
1074 2593 1268 2627 nescire.
1318 2592 1476 2636 lyitur
1502 2591 1667 2625 lectam

958 2637 1004 2671 rin
1029 2637 1229 2672 ecclesia
1262 2637 1507 2681 epistolam
1527 2647 1666 2681 popu-

959 2683 1029 2717 lus
1047 2694 1070 2716 a
1079 2694 1105 2717 u
1116 2687 1274 2717 ers-atu
1288 2693 1316 2717 r.
1336 2683 1416 2717 Hoc
1434 2686 1557 2716 autem
1571 2682 1666 2724 saci-

957 2739 1030 2762 nus
1056 2729 1213 2771 Lucifer
1231 2732 1372 2772 spectat
1398 2729 1463 2762 hoc
1481 2728 1521 2761 in
1539 2727 1615 2761 loco
1633 2731 1664 2761 et

964 2774 1177 2808 Constantii
1202 2774 1395 2817 epistolam
1426 2773 1572 2807 edicti
1602 2784 1666 2806 uo-

958 2819 1088 2853 cabulo
1113 2819 1292 2860 nom-inat,
1318 2819 1376 2854 uti
1402 2820 1442 2853 in
1468 2819 1527 2853 lib.
1548 2819 1578 2852 1.
1594 2829 1665 2862 pro

959 2865 1098 2899 Athan.
1136 2868 1169 2899 et
1201 2865 1242 2899 in
1273 2865 1331 2899 lib.
1367 2865 1518 2899 Moric
1531 2876 1555 2897 n
1565 2864 1588 2898 cl
1600 2875 1623 2898 u
1635 2875 1666 2897 ηι
