1934 3278
478 256 533 291 De
557 266 628 291 non
651 254 825 300 parcendo
849 256 887 291 in
912 255 1014 291 deum
1040 254 1333 300 delinquentibus.
1567 258 1651 301 213

144 383 346 425 multatus
376 383 524 434 morte,
557 383 657 436 quid
678 382 755 425 tibi
786 382 842 424 sit
872 382 1058 425 futurum
1079 382 1287 435 conspice,
1320 383 1391 436 qui
1413 383 1469 426 sis
1492 395 1647 438 negans

143 452 356 494 aeternam
378 452 489 493 unici
519 451 595 492 filii
628 451 694 492 dei
717 450 902 492 diuinam
924 451 1202 493 maiestatem.
1238 451 1379 505 accipe
1405 452 1506 505 quid
1535 452 1650 494 circa

141 521 280 563 Achar
302 520 427 562 fuerit
447 519 707 561 celebratum
731 520 771 561 et
791 519 962 561 tandem
985 519 1154 561 consule
1185 519 1284 561 tuae
1308 519 1447 569 saluti,
1478 519 1571 562 redi
1593 519 1647 562 ad

142 589 208 632 dci
231 589 468 639 ecclesiam,
493 601 517 629 a
538 601 621 642 qua
640 588 683 629 te
700 600 772 642 per
787 588 988 630 Arrianos
1009 587 1198 641 abigauit
1221 587 1391 630 coluber
1411 588 1484 630 ille
1499 588 1647 642 refuga

107 658 211 712 ⁵qui
242 658 418 700 uerterit
447 656 584 698 Adam
617 669 780 710 quoquc
814 658 856 699 ct
885 657 1042 699 Euam:
1074 660 1113 700 ct
1131 660 1237 708 erat,
1268 656 1416 710 inquit,
1449 657 1647 700 dominus

140 740 234 770 cum
265 727 379 780 Iesu,
422 729 459 769 et
489 729 582 768 erat
611 739 767 768 nomen
806 727 896 768 eius
936 739 1063 780 super
1098 727 1347 769 uniuersam
1382 729 1550 769 terram.
1611 731 1646 768 et

140 795 410 851 neylexerunt
439 795 526 850 filii
556 794 697 837 Israel
727 795 992 850 neyleyentia
1022 798 1059 837 et
1079 795 1400 848 fraudauerunt
1420 795 1575 849 fraude
1596 795 1644 838 de

140 865 419 908 anathemate.
480 868 517 907 et
547 865 802 919 indiynatus
831 868 892 906 est
927 866 999 906 ira
1029 866 1226 908 dominus
1255 865 1362 918 filiis
1393 864 1544 907 Israel.
1606 867 1641 906 et

138 934 255 976 misit
285 934 409 976 Iesus
438 934 556 976 uiros
585 934 634 975 in
665 933 739 987 Ge,
781 947 888 986 quae
926 936 984 975 est
1015 934 1244 976 coniuncta
1275 933 1437 989 Bethel,
1477 933 1643 976 dicens:

86 1015 118 1042 ιο
139 1003 399 1045 considerate
434 1001 508 1046 Ge.
570 1004 608 1044 et
641 1002 917 1044 ascenderunt
956 1003 1048 1044 uiri
1085 1005 1124 1044 et
1153 1002 1531 1044 considerauerunt
1567 1001 1640 1046 Ge.

135 1075 173 1114 et
201 1072 360 1113 reuersi
390 1073 490 1113 sunt
519 1071 577 1112 ad
600 1070 745 1113 Iesum
776 1073 815 1112 et
844 1071 1048 1113 dixerunt
1077 1071 1133 1113 ad
1165 1084 1280 1113 eum:
1321 1084 1409 1112 non
1440 1071 1643 1114 ascendat

135 1141 274 1182 omnis
295 1140 498 1195 populus,
529 1139 601 1181 sed
629 1139 712 1181 duo
741 1139 810 1181 uel
841 1139 929 1181 tria
960 1139 1084 1181 milia
1114 1140 1309 1181 uirorum
1340 1140 1575 1182 ascendant
1603 1142 1639 1181 et

134 1210 354 1252 deuastent
393 1210 620 1251 ciuitatM.
680 1222 732 1251 ne
782 1209 962 1251 inducas
1006 1208 1082 1251 ‘illo
1120 1209 1371 1251 uniuersum
1410 1208 1636 1262 populum,

128 1278 263 1331 pauci
293 1279 406 1320 enim
435 1281 547 1320 sunt.
607 1281 644 1321 et
683 1279 964 1322 ascenderunt
1004 1291 1097 1321 cum
1134 1278 1211 1320 illo
1252 1278 1337 1331 fere
1378 1279 1466 1320 tria
1496 1277 1637 1320 millia

83 1357 115 1384 1⁵
133 1349 344 1401 uirorum,
385 1351 422 1390 et
452 1347 659 1402 fuyerunt
689 1362 717 1389 a
744 1348 856 1401 facie
886 1348 1083 1390 uirorum
1122 1348 1197 1401 qui
1228 1349 1351 1389 erant
1380 1348 1429 1388 in
1464 1347 1536 1391 Ge,
1598 1349 1634 1389 et

135 1417 373 1459 occiderunt
412 1429 463 1458 ex
492 1418 602 1470 ipsis
632 1417 721 1458 uiri
752 1418 813 1459 Ge
850 1417 1030 1472 triyinta
1068 1430 1139 1458 sex
1177 1416 1308 1471 uiros,
1355 1419 1391 1457 et
1422 1415 1634 1469 persecuti

133 1488 234 1527 sunt
275 1485 370 1527 illos
408 1498 436 1526 a
473 1488 601 1538 porta
641 1489 679 1527 et
718 1485 1111 1528 contribulauerunt
1151 1485 1224 1528 illo
1262 1487 1310 1526 in
1343 1485 1559 1538 procliuo,
1600 1487 1637 1526 et

132 1556 306 1608 expauit
337 1568 407 1597 cor
429 1555 595 1608 populi,
627 1558 665 1598 et
693 1555 856 1608 factum
886 1558 944 1597 est
974 1558 1020 1597 ut
1053 1569 1178 1608 aqua.
1212 1559 1249 1598 et
1280 1555 1486 1597 conscidit
1516 1555 1634 1600 Iesus

132 1625 384 1666 uestimenta
415 1637 508 1675 sua,
539 1627 578 1666 et
600 1624 792 1677 procidit
818 1625 938 1667 Iesus
967 1626 1018 1667 in
1047 1625 1203 1677 faciem
1234 1627 1332 1667 ante
1362 1624 1486 1666 deum
1507 1636 1635 1676 usque

81 1693 190 1734 2ῡιιᾱ
220 1706 455 1748 uesperum,
496 1694 585 1747 ipse
622 1696 660 1735 et
698 1694 878 1736 seniores
911 1694 1065 1747 Israel,
1105 1697 1144 1735 et
1182 1693 1388 1735 miserunt
1410 1692 1635 1746 puluerem

132 1775 258 1816 super
297 1763 444 1816 capita
482 1775 575 1818 sua,
616 1765 653 1804 ct
690 1763 803 1804 dixit
841 1763 984 1805 Iesus:
1026 1776 1188 1816 precor,
1229 1762 1408 1812 domine,
1448 1765 1497 1803 ut
1533 1760 1635 1814 quid

131 1831 349 1873 transiecit
373 1845 484 1884 puer
525 1834 623 1873 tuus
654 1832 867 1885 populum
906 1832 1034 1874 istum
1065 1831 1298 1873 Iordanem
1339 1830 1503 1872 tradere
1541 1843 1634 1872 eum

130 1899 407 1952 Amorrhaeo‚
431 1900 610 1953 perdere
641 1900 751 1942 nos?
810 1900 848 1941 si
877 1900 1116 1942 mansimus
1147 1901 1198 1941 in
1228 1903 1356 1950 terra,
1389 1899 1635 1942 commorati

132 1980 277 2010 sumus
307 1969 425 2021 apud
455 1969 693 2011 Iordanem.
726 1972 762 2011 et
793 1969 897 2023 quid
926 1969 1081 2025 dicam,
1120 1970 1228 2023 quod
1259 1969 1464 2012 conuertit
1494 1968 1634 2011 Israel

78 2047 112 2073 2⁵
127 2038 300 2080 dorsum
339 2039 486 2079 contra
529 2038 751 2080 inimicum
795 2038 952 2080 suum?
1011 2041 1047 2080 et
1086 2040 1229 2082 audiet
1269 2037 1554 2080 Chananaeus
1593 2039 1631 2078 et

129 2118 269 2147 omnes
299 2105 373 2158 qui
404 2109 718 2148 commorantur
747 2110 920 2160 terram,
961 2109 998 2149 et
1035 2106 1319 2149 circumibunt
1348 2119 1424 2149 nos
1469 2109 1505 2147 et
1534 2118 1633 2149 con-

129 2173 391 2216 tribulabunt
421 2187 498 2216 nos
519 2189 548 2216 a
568 2178 696 2217 terra.
728 2178 764 2217 et
785 2176 890 2229 quid
914 2175 1057 2229 facias
1077 2189 1229 2218 nomen
1253 2178 1372 2218 tuum
1394 2178 1630 2228 maynum?

129 2245 166 2284 et
196 2242 309 2284 dixit
336 2242 535 2284 dominus
566 2243 623 2284 ad
654 2243 821 2287 Iesum:
860 2258 997 2298 surqc,
1038 2247 1084 2287 ut
1116 2244 1220 2298 quid
1249 2247 1296 2286 tu
1320 2244 1551 2298 procidisti
1583 2243 1630 2284 in

128 2310 282 2364 faciem
303 2312 453 2353 tuam?
465 2313 664 2365 peccauit
678 2313 867 2366 populus
887 2316 924 2355 et
949 2317 1238 2369 transyressus
1259 2316 1318 2356 est
1339 2314 1630 2355 testamentum

75 2388 110 2415 ³0
129 2392 265 2421 meum
295 2380 406 2433 quod
436 2380 628 2434 disposui
659 2381 716 2423 ad
745 2394 824 2432 eos,
857 2386 894 2422 et
923 2381 1063 2434 furati
1093 2384 1193 2424 sunt
1223 2381 1274 2423 de
1305 2380 1574 2422 anathemate
1594 2382 1628 2421 et

127 2448 334 2491 miserunt
356 2449 404 2491 in
423 2462 534 2491 uasa
553 2462 647 2492 sua.
679 2462 766 2492 non
783 2452 982 2503 poterunt
1005 2449 1089 2504 filii
1109 2449 1252 2492 Israel
1273 2449 1461 2491 resistere
1486 2450 1631 2491 contra

261 2605 372 2641 510⁸.
398 2607 431 2652 6,
457 2607 500 2642 26
524 2628 568 2634 -
595 2609 627 2649 τ,
652 2608 697 2643 26

193 2755 214 2789 6
238 2754 337 2790 hiesu
455 2757 473 2791 7
499 2757 703 2794 nelexerunt
827 2759 848 2793 9
874 2769 939 2803 que
1057 2760 1097 2795 11
1124 2759 1257 2794 hiesum
1383 2759 1426 2794 13
1451 2759 1630 2794 diuastent

123 2822 167 2847 m.
192 2815 212 2846 1
318 2812 378 2848 illo
404 2815 553 2858 scripsi,
584 2814 664 2850 illos
695 2816 756 2860 Vv,
789 2816 869 2851 illuc
902 2817 995 2852 coni.
1022 2816 1205 2852 Latinius
1315 2815 1359 2851 23
1384 2827 1538 2851 amorreo

120 2868 165 2903 24
183 2870 268 2913 aput
359 2870 403 2904 25
429 2871 628 2907 chananeus
