1934 3278
274 304 358 345 212

320 433 488 474 erogetur
521 430 569 463 eis
595 431 686 474 quod
721 430 866 472 sufficit,
904 431 1029 464 uinum

320 478 356 509 et
380 486 458 510 esca
483 475 522 510 II
547 476 602 517 34,
627 477 648 509 3

274 531 388 554 errare
413 532 441 556 0.
468 532 540 556 aec.
567 532 594 555 0.
620 522 691 564 inf.
718 522 778 564 (ef.
797 521 966 566 decipere)
985 537 1029 551 =
1059 527 1061 562 J

320 567 474 601 nescire:
513 567 604 601 unde
637 578 730 601 nunc
761 570 899 601 erratur
933 568 1028 602 ordi·
1059 587 1060 608 3

318 623 417 646 nasse
454 613 542 647 talia.
579 613 791 648 Summum?
830 613 871 647 A.
897 614 952 647 55.
984 634 1029 639 -
1058 623 1060 655 j

315 674 360 687 Ξ
386 658 547 693 errando
566 663 727 702 putare:
766 659 858 692 unde
882 660 1025 702 quidam
1058 670 1059 673 ¹

318 707 440 738 errant
466 705 581 748 ignari
607 705 698 739 talia
716 716 858 748 passum
886 706 929 738 A.
949 706 1025 739 773.
1057 705 1059 753 j

318 771 359 774 —
380 761 407 784 0.
425 750 496 792 inf.
515 765 558 780 =
577 750 738 784 errando
756 761 902 794 cupere:
929 761 1026 784 erras
1057 775 1058 797 ,

318 797 381 830 Dei
408 807 531 829 seruus
556 797 672 830 adhuc
697 798 732 829 et
757 797 793 830 in
819 799 933 831 morte
952 797 1025 840 pla·
1057 830 1058 834 ,

1056 866 1058 878 .
1089 852 1290 876 euanescere
1315 857 1360 873 =
1384 855 1535 884 uanum,
1561 843 1734 879 stolidum
1760 847 1844 888 fieri

269 898 380 921 error:
418 888 519 921 uenit
551 888 586 921 in
622 898 776 922 errorem
808 903 852 917 =
885 892 982 922 errat
1008 888 1025 922 Ι
1056 888 1058 914 ¹.

317 852 391 875 cere
418 841 455 876 11
480 842 535 882 33,
563 842 584 875 2

318 934 373 974 36,
403 934 445 967 10

268 989 385 1013 eruere
409 994 454 1008 =
471 979 626 1013 liberare
637 990 815 1023 peruersa
833 980 1025 1024 opinione:
1055 1019 1057 1021 .

314 1036 394 1059 erue
418 1029 466 1065 te,
492 1026 613 1065 stulte,
641 1026 702 1068 qui
720 1028 838 1069 putas,
866 1027 944 1070 post
970 1026 1023 1059 fu-
1055 1027 1057 1063 ἔ

314 1081 397 1105 nera
422 1082 488 1104 non
517 1072 564 1104 sis
591 1072 608 1105 I
634 1072 689 1112 27,
721 1073 771 1105 11.
797 1071 851 1112 34,
878 1072 898 1105 6

267 1127 447 1160 erumpere
473 1121 606 1151 trans:
640 1118 850 1161 erumpebat
876 1128 978 1150 uoces
1006 1117 1022 1150 Ι

314 1163 365 1204 18,
390 1163 450 1205 11,
476 1164 521 1205 cf.
540 1167 727 1197 comment.
746 1164 902 1207 erumpis
921 1164 1023 1196 mise-

311 1209 360 1242 ris
386 1223 431 1238 =
450 1209 657 1252 profundis
675 1219 760 1252 opes
777 1209 818 1242 in
829 1210 968 1252 plebem
982 1209 1021 1252 (5³)

312 1254 347 1288 11
373 1254 428 1292 24,
454 1256 486 1289 5.
510 1274 557 1280 —-
572 1255 749 1289 intrans:
776 1256 891 1289 fontes
910 1266 1021 1288 erum-

310 1303 401 1344 punt
424 1300 463 1334 ΙΙ
490 1301 520 1340 1,
547 1300 602 1335 34.
626 1302 727 1334 radix
752 1300 960 1336 Chananaea
987 1325 994 1332 .
1013 1326 1020 1333 .

310 1349 470 1390 erumpit
495 1346 533 1381 II
561 1347 614 1389 13,
641 1346 662 1380 3

265 1402 359 1425 esca:
386 1392 509 1426 uinum
537 1394 571 1426 et
596 1403 673 1426 esca
698 1392 736 1427 II
764 1393 818 1434 34,
844 1393 876 1426 3.
918 1403 1020 1426 1101110

310 1439 445 1481 petram
472 1438 607 1472 subicit
638 1439 706 1472 nisi
733 1439 829 1472 solus
855 1438 951 1482 ignis
977 1439 1019 1472 ad

309 1494 424 1517 escam
450 1486 492 1518 A.
520 1484 573 1518 73.
612 1485 783 1518 mactatos
816 1484 1019 1518 uolneribus

308 1531 416 1563 donat
434 1529 470 1563 in
489 1540 603 1564 escam
622 1531 663 1564 A.
678 1530 755 1564 912.
781 1529 1021 1573 decipiuntur-

307 1586 373 1619 que
399 1575 546 1619 stropha
571 1579 611 1609 ut
637 1578 714 1609 escit
733 1576 772 1610 II
793 1576 824 1617 7,
843 1575 876 1609 3.
902 1586 1018 1609 escam

307 1621 497 1665 muscipuli
524 1646 532 1653 .
558 1647 565 1653 .
592 1622 705 1654 nitate
739 1621 776 1655 11
811 1622 842 1662 7,
878 1622 930 1656 13.
983 1622 1017 1655 111

308 1677 385 1701 esca
410 1667 503 1709 perit
528 1667 605 1701 auis
633 1667 670 1701 ΙΙ
696 1668 752 1708 23,
782 1667 823 1701 19

265 1723 340 1746 esse
382 1712 594 1747 abundans:
646 1715 789 1756 insuper
830 1715 865 1746 et
907 1713 1019 1746 furem

309 1757 424 1792 adhuc
450 1759 649 1803 depingitis
676 1769 748 1792 esse
774 1759 791 1792 1
820 1759 873 1798 13,
898 1759 931 1792 4.
958 1758 1019 1792 do-

306 1804 420 1838 minos
446 1804 515 1838 tibi
542 1815 724 1849 nuncupas
758 1815 832 1838 esse
858 1805 876 1839 I
912 1806 965 1841 16.
998 1805 1017 1838 7

310 1851 493 1887 (similiter
542 1846 637 1883 εἶναι
677 1851 787 1884 uerbo
829 1848 1018 1894 ὀνομάζειν

303 1900 457 1940 praeter
481 1897 727 1930 necessitatem
752 1895 927 1938 additur,
970 1896 1016 1937 cf.

310 1942 502 1982 Kuehner,
528 1942 624 1984 ausf.
646 1941 807 1976 Gramm.
827 1942 861 1976 d.
884 1943 1017 1987 yrz'ech.

309 1987 391 2031 Spr.
430 1992 462 2028 ῥ’.
489 1990 559 2021 355
585 1989 701 2030 emon).
743 1990 886 2031 propter
927 1998 1017 2031 quae

306 2033 433 2066 storias
471 2035 589 2067 tantas
626 2033 721 2067 Deus
762 2044 837 2067 esse
874 2035 1016 2077 parauit

304 2079 346 2112 A.
374 2079 449 2113 151.
476 2080 561 2113 duos
587 2080 681 2112 enim
713 2080 860 2123 populos
886 2079 1015 2113 distin-

304 2127 401 2158 xerat
419 2136 492 2158 esse
520 2126 587 2166 (ito.
613 2124 700 2165 eod..
728 2125 824 2167 quod
856 2126 1014 2159 retinen-

305 2170 391 2203 dum
415 2171 501 2212 fnit)
529 2170 685 2205 Rebecca
712 2171 753 2203 A.
781 2172 845 2204 189

257 2225 353 2249 esum
382 2219 575 2260 potumque
603 2216 755 2259 requirit
781 2216 819 2250 ΙΙ
845 2217 899 2257 30,
927 2216 968 2250 14

257 2264 293 2294 et
319 2277 361 2291 z
387 2264 508 2302 etiam‚
534 2273 693 2306 quoque:
720 2261 810 2297 126.
837 2262 892 2295 24.
917 2261 955 2295 ΙΙ
980 2262 1011 2301 6,

301 2309 332 2339 ιί.
357 2309 413 2350 34,
439 2309 470 2342 2.
490 2310 530 2341 A.
557 2308 635 2342 223.
660 2308 737 2341 367.
765 2308 842 2341 39-1.
922 2307 939 2341 Ι
960 2308 1011 2347 13,

300 2354 332 2386 4.
365 2354 420 2393 32,
454 2355 486 2386 5.
522 2354 558 2388 ΙΙ
595 2354 650 2389 32
684 2354 712 2386 1.
738 2354 792 2393 33,
819 2354 851 2387 2.
889 2354 930 2386 A.
956 2354 1011 2387 41.

299 2400 377 2433 297.
392 2399 470 2433 346.
483 2400 564 2434 486.
577 2399 655 2433 498.
670 2400 748 2432 510.
765 2419 807 2424 -
821 2414 865 2428 =
879 2397 1010 2442 μὲν(“Ρ);

299 2448 341 2478 ot
367 2446 429 2479 ille
447 2456 676 2489 praegressus
699 2445 901 2478 inmortalis
921 2445 1008 2485 erit3

302 2502 397 2524 nam
424 2493 463 2524 tu
490 2493 547 2532 (=
566 2495 607 2524 tu
632 2494 767 2530 autem)
787 2490 852 2524 sub
873 2493 1010 2524 tartara

299 2537 447 2580 planges
480 2537 497 2570 I
523 2537 579 2578 26,
612 2538 656 2571 35
688 2547 739 2580 sq.
775 2538 817 2569 et
849 2546 912 2580 ego
938 2547 1006 2570 non

299 2583 414 2622 doceo,
445 2582 520 2616 sed
546 2593 649 2626 cogor
683 2582 797 2615 dicere
823 2593 943 2615 uerum
971 2582 1008 2615 ΙΙ

300 2628 351 2668 16,
371 2628 402 2662 3.
430 2628 503 2670 (Cf.
533 2639 600 2672 que
632 2643 676 2657 τ.-
707 2627 782 2670 μὲν.
831 2627 1008 2661 Similiter

297 2674 338 2706 in
359 2674 499 2707 Graeeo
517 2684 677 2707 sermone
695 2672 731 2705 τὲ·
757 2694 801 2698 -
827 2672 865 2706 δὲ
893 2674 1007 2707 inter-

300 2718 384 2752 ‹lnm
430 2720 528 2753 inter
577 2730 613 2753 se
661 2719 901 2762 respondent3
958 2718 1008 2760 ef.

297 2763 481 2805 Kuehner,
509 2777 542 2798 a.
569 2766 633 2798 Gr.
659 2768 690 2805 ἕ.
714 2767 875 2798 52011016.
894 2767 942 2798 31.
962 2784 1007 2789 ——

296 2812 331 2842 et
357 2834 387 2842 ..
416 2821 481 2853 quc
518 2810 558 2842 A.
597 2811 674 2844 324.
714 2811 792 2844 623.
829 2830 873 2835 —
911 2812 947 2843 et
974 2835 1005 2842 ..

296 2865 453 2899 quoque:
487 2866 552 2888 non
589 2857 702 2889 solnm
737 2857 803 2889 1100
836 2856 936 2889 fecit:
972 2859 1006 2889 et
1036 2894 1038 2897 .

299 2900 375 2934 Noe
400 2901 463 2933 sub
488 2904 648 2944 tempore
674 2912 811 2946 quoque
837 2900 1004 2937 ostendit.
1036 2926 1038 2938 2

1036 2963 1037 2966 ¹
1067 2947 1261 2981 excruciare
1286 2947 1408 2990 poenis
1435 2946 1532 2980 diros
1561 2947 1577 2980 I
1605 2948 1658 2987 28,
1694 2957 1702 2981 ι

294 2957 382 2989 quae
431 2947 571 2990 poterat
613 2947 653 2979 A.
695 2948 733 2980 41
780 2958 830 2991 sq.
879 2966 923 2972 —
962 2962 1005 2977 =

993 305 1127 340 Index

1138 431 1219 470 iam,
1239 435 1324 472 tum,
1350 432 1587 466 antecedente
1603 432 1846 477 ineperatmo:

1137 478 1267 510 uertite
1299 487 1361 511 uos
1394 477 1550 518 Christo,
1583 481 1619 512 et
1652 479 1753 513 eritis
1782 480 1845 514 Dei

1135 523 1272 556 sodales
1306 522 1322 556 Ι
1356 523 1411 564 35,
1446 523 1499 557 20.
1535 524 1573 557 ΙΙ
1607 524 1637 565 8,
1665 524 1685 558 2
1712 535 1763 569 sq.
1789 527 1844 567 36,

1135 568 1155 601 6
1193 578 1244 612 sq.
1282 569 1336 610 37,
1374 570 1405 603 6.
1443 568 1500 613 (A.
1533 568 1622 612 740.)
1662 590 1704 596 -
1735 585 1780 600 =
1812 576 1845 606 et

1135 617 1269 648 tamen:
1311 615 1434 655 stulte,
1461 625 1528 648 non
1567 626 1653 655 eras,
1693 618 1728 650 et
1770 628 1847 651 ecce

1134 659 1265 693 uideris
1291 660 1309 693 I
1335 660 1390 702 24,
1415 661 1447 697 5.
1473 661 1528 702 36,
1559 661 1613 694 10.
1639 661 1678 695 II
1706 662 1761 704 16,
1791 664 1843 697 13.

1134 704 1188 740 25.
1207 706 1248 738 Α.
1274 705 1353 740 501.
1372 707 1450 740 546.
1470 726 1510 731 -
1530 708 1566 740 et
1577 709 1844 751 postpositum:

1134 751 1152 784 Ι
1177 752 1208 787 3,
1237 753 1289 785 11.
1315 752 1369 793 33,
1398 753 1451 786 10.
1478 752 1531 792 37,
1557 753 1589 786 8.
1608 752 1645 786 ΙΙ
1673 754 1701 794 7,
1730 754 1759 787 7.
1789 755 1844 794 18,

1132 797 1165 830 5.
1190 798 1231 830 Α.
1256 797 1337 832 488.
1364 798 1442 832 552.
1468 798 1534 832 784

1088 934 1223 968 euitare
1239 949 1282 964 =
1302 935 1487 969 auersarz‘:
1515 935 1609 979 quod
1633 938 1840 979 (saeculum)

1134 1004 1164 1011 ..
1191 980 1363 1014 Dominus
1400 981 1497 1025 cogit
1529 981 1664 1014 euitare
1690 981 1839 1016 dilectos

1133 1025 1174 1059 A.
1199 1026 1276 1060 203.
1302 1037 1321 1060 0
1345 1027 1495 1060 nimium
1523 1026 1617 1065 felix,
1644 1028 1841 1061 saecularia

1133 1071 1162 1104 si
1196 1072 1275 1115 quis
1303 1073 1433 1106 enitet!
1472 1073 1513 1107 A.
1539 1073 1617 1106 613.
1645 1083 1723 1106 nam
1753 1074 1840 1107 insi-

1132 1117 1269 1160 pientes
1283 1119 1465 1162 tamquam
1480 1118 1709 1152 maledictum
1726 1119 1839 1162 (Chri-

1132 1163 1238 1206 stum)
1265 1164 1404 1197 euitant
1431 1163 1473 1197 A.
1498 1163 1564 1198 668

1085 1208 1244 1242 euoluere
1274 1223 1318 1238 =
1351 1211 1544 1253 explicare,
1583 1209 1839 1253 interpretari:

1130 1254 1365 1297 (Emmanuel)
1374 1256 1465 1299 quod
1478 1256 1603 1298 lingua
1613 1256 1725 1290 latina,
1735 1257 1838 1290 ‘Deus

1130 1300 1323 1334 nobiscum'
1350 1302 1484 1335 euoluit
1510 1301 1551 1335 A.
1577 1301 1644 1335 408

1052 1366 1054 1370 .
1084 1355 1123 1378 ex
1148 1360 1194 1375 =
1220 1347 1289 1380 abl.
1316 1348 1505 1381 instrum:
1538 1358 1578 1381 ex
1610 1358 1648 1381 eo
1674 1347 1836 1391 prodigio

1130 1394 1219 1434 quot
1251 1393 1409 1436 perdidit
1445 1394 1506 1427 ille
1540 1393 1711 1437 propheta
1736 1393 1754 1427 I
1782 1393 1835 1434 18,

1131 1437 1184 1472 14.
1209 1458 1254 1463 -
1270 1452 1315 1468 =
1334 1442 1505 1482 propter:
1532 1449 1570 1472 ex
1587 1438 1650 1472 illo
1669 1453 1712 1468 =
1725 1450 1837 1482 prop-

1132 1487 1230 1517 terea
1266 1484 1284 1518 Ι
1321 1485 1352 1526 3,
1378 1484 1411 1520 6.
1436 1495 1476 1518 ex
1501 1495 1539 1518 eo
1577 1484 1594 1518 I
1634 1484 1686 1525 12,
1723 1485 1755 1519 9.
1787 1486 1835 1518 rei

1128 1535 1212 1563 sunt
1244 1540 1283 1563 ex
1320 1531 1394 1574 ipso
1422 1531 1476 1573 (z
1503 1530 1633 1572 eodem)
1663 1530 1791 1565 delicto
1819 1530 1835 1564 Ι

1127 1575 1183 1615 37,
1210 1576 1263 1609 12.
1288 1596 1331 1600 -
1357 1591 1400 1605 =
1427 1587 1505 1620 per:
1539 1587 1578 1609 ex
1602 1577 1677 1609 arte
1701 1590 1746 1606 =
1766 1587 1837 1620 per

1126 1620 1299 1663 fraudem
1331 1622 1349 1655 I
1376 1622 1428 1662 19,
1461 1622 1494 1656 4.
1521 1642 1563 1646 -
1588 1636 1634 1651 =
1663 1626 1763 1665 post:
1796 1633 1836 1655 ex

1127 1678 1165 1701 eo
1190 1681 1235 1696 =
1259 1667 1389 1701 deinde
1422 1668 1440 1701 Ι
1470 1668 1525 1709 41,
1561 1669 1614 1702 19.
1647 1668 1686 1702 ΙΙ
1712 1669 1741 1709 1,
1778 1668 1835 1702 43.

1126 1723 1165 1746 ex
1184 1723 1223 1746 eo
1241 1723 1309 1756 quo
1335 1713 1436 1747 uenit
1453 1729 1496 1743 =
1510 1717 1706 1757 postquam
1730 1715 1834 1747 uenit

1079 1805 1235 1838 exaltare
1262 1804 1299 1838 II
1326 1805 1377 1845 19,
1405 1805 1426 1838 5
1453 1805 1563 1848 (bibl.)
1591 1804 1632 1838 A.
1660 1805 1735 1839 130.
1754 1805 1833 1839 378.

1127 1850 1238 1893 (bibl.)
1265 1851 1343 1884 464.
1369 1850 1480 1895 (bibl.)

1078 1895 1361 1941 exanim<at)um
1389 1907 1514 1940 corpus
1540 1896 1579 1930 II
1604 1896 1658 1936 33,
1685 1897 1706 1930 3

1077 1944 1281 1985 exasperata.
1307 1952 1460 1975 seorsum
1490 1942 1614 1985 (corda)
1643 1942 1660 1976 Ι
1686 1942 1740 1981 33,
1767 1943 1788 1976 4

1076 1988 1241 2022 exaudire
1279 2002 1322 2017 =
1359 1988 1527 2021 oboedire
1542 1987 1599 2031 (“?):
1638 1988 1831 2022 exaudiant

1122 2035 1246 2076 gentes
1287 2035 1322 2067 et
1359 2034 1510 2077 imperet
1547 2033 1713 2077 gentibus
1756 2034 1831 2077 ipse

1074 2125 1236 2158 excedere
1264 2139 1303 2154 r:
1332 2125 1515 2165 aberrare,
1537 2135 1707 2168 peecare:
1734 2135 1827 2159 exce-

1120 2170 1208 2203 dant
1232 2171 1307 2210 alii,
1333 2170 1440 2204 finem
1460 2179 1500 2204 tu
1519 2171 1675 2214 prospice
1693 2182 1829 2214 semper

1119 2216 1156 2251 II
1181 2217 1236 2257 23,
1263 2216 1305 2249 21

1073 2262 1248 2296 excelsus:
1286 2262 1379 2295 Deus
1413 2262 1565 2295 excelsus
1598 2262 1615 2296 Ι
1640 2262 1695 2304 24,
1722 2262 1752 2295 7.
1787 2264 1828 2296 A.

1121 2308 1196 2341 159.
1235 2308 1400 2341 Excelsus
1428 2308 1568 2348 (omisso
1593 2308 1703 2352 Deus)
1729 2308 1747 2342 Ι
1772 2308 1826 2346 41,

1071 2400 1247 2443 excipere:
1286 2399 1434 2443 excipite
1473 2410 1602 2441 regem,
1640 2399 1826 2443 principes,

1117 2445 1293 2479 caelorum
1320 2446 1357 2478 111
1384 2446 1469 2478 altis
1495 2447 1535 2478 A.
1562 2446 1639 2479 578.
1672 2446 1827 2488 excipere

1118 2493 1257 2524 sanctos
1295 2490 1371 2534 ipsa
1408 2493 1567 2525 creatura
1592 2492 1748 2524 laetatur
1786 2494 1826 2524 Α.

1116 2536 1194 2570 964.
1236 2536 1430 2570 Dominum
1465 2536 1684 2582 <ex>cipiant
1710 2539 1824 2570 sancti

1115 2582 1279 2615 uiuentes
1307 2583 1350 2615 A.
1378 2582 1466 2616 1046

1070 2628 1269 2661 exclamant
1308 2628 1441 2672 pariter
1480 2627 1525 2661 ad
1563 2627 1697 2661 caelum
1741 2638 1824 2661 uoce

1115 2673 1283 2706 deflentes
1310 2676 1350 2706 A.
1370 2674 1447 2707 939.
1475 2673 1674 2706 exclamant
1694 2673 1825 2716 pariter

1114 2719 1156 2752 ad
1183 2719 1365 2752 Excelsum
1394 2730 1466 2752 sese
1484 2719 1645 2762 deceptos
1672 2719 1689 2752 I
1708 2719 1762 2760 41,
1780 2718 1824 2752 20

1068 2766 1249 2798 excludere
1261 2765 1480 2807 :auserim
1495 2765 1695 2798 excluditur
1710 2775 1823 2797 omnis

1113 2810 1243 2844 caritas
1269 2812 1407 2843 crudele
1433 2810 1474 2843 de
1501 2814 1584 2844 nato
1611 2811 1653 2843 A.
1680 2810 1745 2843 722

1066 2856 1248 2889 exedi-dare
1279 2870 1323 2884 =
1355 2859 1469 2889 mente
1499 2856 1653 2898 primore
1678 2856 1719 2889 A.
1746 2856 1821 2889 777.

1113 2921 1155 2926 —-
1182 2901 1358 2935 excordari
1392 2916 1433 2930 =
1465 2901 1632 2935 insanire
1665 2901 1682 2934 Ι
1708 2903 1764 2941 21,
1790 2902 1812 2933 5
