1934 3278
512 270 566 304 De
592 281 661 304 non
686 270 860 315 parcendo
885 272 921 305 in
947 271 1049 306 deum
1075 272 1369 318 delinquentibus,
1613 275 1699 318 265

193 394 419 437 Christiani
452 407 543 437 esse
576 398 952 449 perseuerabimus.
998 399 1143 440 contra
1163 399 1209 440 tu
1231 411 1327 440 cum
1349 399 1490 453 gladio
1514 400 1699 454 digneris

192 464 282 506 eius
313 465 507 518 persequi
539 477 696 516 seruos,
744 478 822 508 non
853 467 895 508 te
926 468 1071 521 utique
1103 467 1186 509 iam
1221 467 1504 510 Christianum
1536 468 1697 522 poteri-

190 545 285 574 mus
317 545 570 587 nuncupare,
604 534 679 575 sed
711 534 832 587 plane
862 534 1070 577 latronem
1101 535 1173 577 uel
1203 535 1495 589 gladiatorem.

249 602 401 644 XXVI.
455 602 641 652 Interea,
690 603 884 657 quoniam
929 603 1202 646 recitauimus
1248 604 1456 658 quomodo
1501 616 1700 647 coamens

157 672 290 712 ⁵tuus
334 659 525 714 Scarioth
564 672 692 713 Iudas
730 672 955 713 tradiderit
996 672 1233 723 dominum,
1278 673 1361 715 isto
1401 673 1442 714 in
1481 672 1574 715 loco
1608 673 1698 714 eius

192 740 358 793 penitus
388 740 668 782 retractemus
694 741 905 794 sacrilegii
927 754 1077 783 causas
1101 743 1142 783 et
1161 742 1271 793 tuas,
1297 743 1338 784 et
1358 742 1547 783 inuenies
1568 754 1700 783 unum

193 821 269 850 uos
302 821 392 851 esse
423 810 465 850 te
499 810 541 851 et
570 809 719 851 Iudam
753 809 1029 852 Scariotham.
1067 810 1138 852 ille
1169 810 1347 853 tradidit
1379 810 1591 853 dominum
1624 811 1700 852 Iu-

194 876 324 927 daeis,
357 878 455 931 quia
484 891 565 920 non
595 878 732 921 fuerat
761 878 936 920 credens
967 879 1046 920 nisi
1079 880 1286 932 quomodo
1318 880 1373 922 sit
1393 891 1500 921 nunc
1524 879 1701 921 credens

193 947 459 988 conscotinus
497 948 596 989 tuus
636 947 948 998 Sirmiensium,
997 948 1066 1001 qui
1107 948 1325 990 dicebatur
1358 962 1405 991 ac
1448 950 1601 993 dicitur
1632 951 1700 992 in-

143 1022 176 1047 10
196 1015 319 1069 digne
341 1016 525 1057 Fotinus.
564 1017 610 1057 tu
633 1015 846 1058 tradidisti
869 1030 963 1058 eum
987 1018 1028 1058 et
1050 1017 1222 1070 quidem
1242 1018 1331 1059 toto
1356 1019 1457 1069 orbi,
1490 1021 1537 1061 ut
1559 1020 1700 1062 cuncti

197 1084 285 1125 01118
317 1084 476 1138 possint
505 1097 659 1139 negare
683 1085 958 1128 diuinitatem.
992 1086 1084 1140 quis
1106 1087 1295 1129 uestrum
1319 1086 1361 1128 in
1385 1087 1544 1130 scelere
1565 1088 1701 1130 maior

197 1154 289 1195 est?
320 1165 396 1207 ego
431 1154 606 1196 arbitror
637 1155 734 1208 quia
756 1155 817 1198 tu.
850 1157 984 1197 omnis
1005 1156 1116 1197 euim
1138 1156 1212 1209 qui
1230 1157 1470 1209 peccauerit
1490 1158 1540 1199 iu
1560 1158 1702 1211 filium

195 1222 392 1274 hominis,
425 1223 661 1265 dimittetur
692 1225 754 1277 ei‚·
783 1226 857 1278 qut
886 1227 1027 1266 autem
1055 1223 1415 1277 blasphemauerit
1433 1225 1482 1267 in
1503 1226 1704 1279 spiritum

195 1294 401 1345 sanctum,
446 1305 532 1333 uon
569 1293 804 1335 dimittetur
840 1294 876 1335 ei
915 1307 1044 1346 neque
1081 1293 1148 1335 hic
1190 1307 1319 1346 neque
1357 1294 1403 1335 in
1431 1296 1589 1346 futuro.
1658 1295 1705 1335 tu

146 1364 178 1389 ¹⁵
199 1360 401 1401 deitatem
439 1361 551 1403 1111118
593 1375 673 1415 quo
711 1362 852 1403 cuncti
889 1362 1050 1415 possint
1081 1374 1255 1416 negare,
1304 1363 1478 1404 extitisti
1509 1364 1702 1405 traditor.

198 1432 399 1483 quantum
433 1431 540 1472 enim
575 1431 684 1484 apud
714 1432 757 1472 te
790 1431 874 1481 est,
907 1430 1121 1472 tradidisti
1155 1444 1272 1481 eum,
1308 1431 1359 1473 de
1392 1444 1472 1484 quo
1506 1433 1547 1474 et
1576 1432 1707 1473 libros

199 1499 377 1552 scriptos
410 1499 563 1541 dedisti
597 1500 639 1541 et
668 1499 981 1553 praedicatores
1013 1500 1182 1553 benigni
1213 1500 1301 1541 uoti
1331 1501 1392 1541 tui
1417 1500 1526 1542 omni
1548 1500 1589 1541 in
1610 1501 1705 1542 loco

199 1568 466 1610 constituisti.
501 1581 623 1622 quem
657 1581 737 1621 quo
769 1569 939 1622 possent
962 1581 1104 1611 omnes
1126 1580 1280 1623 negare
1303 1581 1449 1610 uerum
1470 1569 1591 1610 illum
1615 1581 1707 1610 esse

201 1637 269 1678 dei
301 1637 447 1687 filium,
481 1638 754 1690 apostolicam
789 1638 914 1691 atque
949 1637 1238 1691 euangelicam
1271 1638 1416 1679 contra
1447 1651 1522 1680 uos
1553 1639 1707 1679 haere-

148 1712 182 1737 20
199 1706 306 1747 ticos
341 1706 449 1759 apud
478 1706 644 1747 Niciam
678 1706 932 1759 descriptam
964 1706 1091 1748 fidem
1125 1706 1261 1747 fecisti
1301 1706 1488 1748 iudicare
1520 1707 1709 1748 haereti-

203 1787 296 1816 cam
331 1776 371 1816 ct
402 1775 706 1828 blasphemiam
737 1777 854 1817 tuam
886 1776 1023 1817 fecisti
1057 1776 1140 1817 dici
1171 1776 1438 1817 catholicam.
1496 1777 1538 1817 et
1567 1777 1710 1817 tamen

201 1844 282 1885 iste
329 1844 476 1893 Iudas,
525 1844 594 1897 qui
642 1858 736 1886 eum
775 1845 1031 1895 tradiderat,
1079 1845 1227 1886 uidens
1266 1845 1306 1886 in
1348 1857 1448 1886 suae
1482 1843 1632 1886 salutis
1665 1856 1711 1885 se

204 1914 420 1966 operatum
452 1925 611 1963 necem,
636 1914 910 1966 paenitentia
940 1915 1091 1955 ductus
1121 1913 1267 1954 retulit
1293 1913 1474 1967 triyinta
1495 1915 1712 1965 arqenteos

193 1982 470 2035 principibus
508 1982 770 2023 sacerdotum
808 1985 845 2023 et
881 1982 1117 2024 senioribus
1147 1982 1312 2024 diceus:
1349 1981 1552 2035 peccaui,
1598 1981 1710 2033 quod

151 2060 184 2086 25
203 2050 458 2092 tradiderim
489 2051 743 2105 sanquinem
773 2051 946 2094 iustum.
979 2053 1025 2091 at
1054 2049 1121 2092 illi
1143 2051 1368 2092 dixerunt:
1400 2050 1503 2103 quid
1525 2049 1582 2090 ad
1602 2050 1711 2090 uos?

203 2121 250 2160 tu
279 2118 451 2160 uideris.
503 2121 540 2161 et
563 2119 769 2172 proiectis
800 2120 1008 2173 asryenteis
1049 2120 1098 2160 in
1135 2118 1286 2171 templo
1323 2119 1486 2160 secessit
1531 2121 1567 2159 ct
1605 2118 1713 2159 abiit

202 2189 242 2228 et
272 2187 416 2240 laqueo
446 2200 486 2229 se
516 2188 746 2240 suspendit.
800 2187 870 2229 1110
909 2187 1012 2229 11001
1049 2200 1130 2230 11110
1170 2187 1381 2229 momento
1423 2186 1630 2239 paenituit
1671 2186 1713 2226 et

204 2255 384 2307 pretium
417 2255 527 2308 quod
561 2256 782 2308 acceperat
812 2255 1017 2304 reddidit3
1049 2256 1095 2296 tu
1129 2255 1228 2309 quid
1252 2255 1353 2305 tale,
1388 2255 1457 2308 qui
1480 2254 1714 2295 conuentus

205 2323 415 2376 piaculum
448 2325 490 2363 te
522 2323 661 2365 facere
695 2324 746 2365 ab
779 2323 868 2365 eius
900 2325 1034 2366 seruis
1065 2337 1143 2365 non
1177 2324 1312 2365 solum
1339 2336 1417 2365 non
1441 2322 1710 2376 paenitueris,

153 2402 187 2428 ³0
207 2392 282 2434 8011
315 2394 355 2433 01
386 2393 521 2446 magis
552 2393 591 2433 in
625 2393 933 2435 contumaciam
965 2393 1178 2434 creueris‘?
1208 2394 1253 2433 tu
1288 2392 1386 2445 quid
1418 2392 1517 2440 tale,
1552 2391 1620 2444 qui
1655 2390 1714 2432 sis

208 2460 311 2501 dans
344 2473 485 2502 01111108
517 2461 659 2514 copias
690 2461 806 2514 regni
838 2461 912 2510 tui,
945 2462 992 2502 ut
1022 2462 1157 2514 possis
1190 2460 1457 2513 sacrilegium
1489 2461 1605 2500 tuum
1638 2458 1713 2499 fir-

348 2586 388 2619 12
413 2584 541 2620 Matth.
570 2586 622 2629 12,
647 2586 691 2619 32
785 2585 829 2619 23
856 2585 902 2620 ib.
928 2586 983 2623 27.
1011 2586 1100 2619 3-5

277 2699 297 2733 3
331 2678 378 2734 uc¹
512 2701 534 2733 4
561 2711 749 2745 quoamens
889 2703 909 2734 6
943 2701 1103 2744 poenitus
1244 2701 1264 2733 9
1296 2698 1570 2745 Smyrnicnsium
1608 2711 1624 2733 1·

210 2757 376 2802 indignae
472 2759 514 2792 10
539 2759 607 2792 toti
635 2770 652 2793 υ
748 2759 851 2793 14-01
877 2763 914 2792 tu
942 2758 1085 2792 deitatis
1115 2769 1132 2791 1·
1236 2757 1276 2792 15
1302 2757 1437 2801 possint
1463 2758 1554 2791 coni.
1586 2756 1719 2799 Tilms,

208 2829 355 2870 possunt
377 2828 427 2862 Vv
520 2826 565 2860 20
583 2830 668 2871 aput
761 2826 972 2861 describtam
1069 2825 1211 2860 iudicari
1232 2827 1319 2869 fort.
1410 2826 1453 2860 :26
1471 2807 1624 2870 argenti}

206 2883 248 2917 31
276 2883 405 2917 1111111111
