1934 3278
284 239 339 280 90
941 236 1139 270 Luciferi

341 363 478 403 XIIII.
505 362 612 414 Quid
649 362 765 403 dicis.
791 361 1039 413 aequissime
1063 364 1163 402 rex‘?
1187 362 1221 401 si
1244 361 1303 401 illi
1335 361 1447 413 regis
1469 362 1584 413 pueri
1608 362 1788 403 noluisse

283 431 516 472 referuntur
529 430 722 471 oboedire
740 430 911 482 imperio
929 430 1053 482 regis.
1066 430 1099 470 si
1117 430 1178 470 illi
1197 429 1497 482 contempsisse
1509 431 1789 471 monstrantur

284 500 507 552 praecepta
531 498 642 541 Saul.
667 511 716 538 ne
749 500 894 539 contra
917 498 983 538 dei
1004 498 1203 539 fecissent
1234 498 1445 547 mandata,
1479 511 1553 539 nos
1577 499 1790 551 episcopos

283 568 421 608 fuerat
453 568 621 620 dignum
646 567 799 607 domini
822 566 1035 607 calcantes
1066 567 1291 619 praecepta
1321 566 1477 618 inplere
1499 567 1572 607 tua
1597 567 1790 620 sacrilegi

284 636 546 677 homicidae?
577 635 734 675 idcirco
759 646 855 687 ergo
878 647 951 675 nos
976 634 1160 687 dignaris
1181 635 1388 687 persequi,
1414 635 1511 687 quia
1533 648 1610 676 non
1635 635 1789 676 domini

283 705 491 746 mandatis
512 705 585 744 tua
619 705 928 756 anteponamus.
982 704 1083 744 haec
1116 704 1216 744 fecit
1249 704 1290 744 et
1322 703 1434 744 saul.
1469 716 1574 756 quae
1606 703 1665 744 ita
1698 716 1788 744 esse

282 774 430 825 probat
462 786 582 814 sacra
604 773 809 825 scriptura
833 772 996 813 dicens:
1028 778 1063 813 et
1085 773 1194 813 dixit
1217 772 1327 814 Saul
1350 773 1404 813 acl
1427 772 1566 825 Doey:
1597 776 1790 813 conuerte

283 846 320 883 te
339 843 387 882 in
417 842 584 883 obuiam
605 841 884 882 sacerdotibus
905 842 1079 882 domini.
1120 844 1156 881 et
1179 854 1403 882 conuersus
1424 844 1481 882 est
1503 840 1619 894 Doey
1640 840 1787 894 Syrus,

283 913 319 950 et
349 910 625 963 mortificauit
653 910 742 961 ipse
772 909 1002 951 sacerdotes
1032 909 1210 962 domini,
1245 913 1281 950 et
1312 910 1462 950 occidit
1493 910 1576 950 illa
1606 910 1673 950 die
1704 912 1787 950 tre-

282 982 416 1020 centos
448 982 634 1031 quinque
664 978 782 1019 uiros
811 981 848 1019 et
887 991 1027 1019 omnes
1057 981 1280 1031 portantes
1317 978 1481 1030 Ephod,
1521 979 1569 1018 in
1600 977 1789 1019 Nonban

282 1048 500 1089 ciuitatem
538 1047 802 1088 sacerdotum
840 1047 990 1088 occidit
1030 1048 1079 1088 in
1117 1061 1182 1087 ore
1211 1047 1348 1100 yladii
1387 1061 1414 1087 a
1446 1047 1540 1088 uiro
1573 1059 1701 1098 usque
1732 1046 1789 1087 ad

282 1117 547 1157 nutrientem.
582 1115 706 1156 simili
739 1127 845 1156 nunc
879 1115 1002 1157 modo
1037 1115 1211 1156 conatus
1236 1127 1278 1156 es
1302 1115 1426 1168 atque
1459 1115 1621 1156 conaris
1646 1127 1786 1156 eorum

280 1186 439 1226 laniare
481 1197 665 1238 corpora,
709 1197 813 1238 quos
851 1185 998 1225 uideas
1030 1186 1347 1237 praeceptorum
1381 1184 1446 1225 dei
1479 1196 1684 1224 memores
1715 1184 1786 1224 tuo

281 1255 405 1294 reniti
437 1254 674 1307 praecepto.
708 1267 787 1295 non
818 1254 960 1307 itaque
992 1254 1134 1294 mirari
1164 1254 1407 1306 poterimus,
1442 1254 1475 1294 si
1506 1255 1552 1294 tu
1584 1266 1657 1294 nos
1689 1265 1786 1305 per-

282 1324 494 1376 sequaris,
544 1322 709 1375 quando
756 1323 978 1365 uideamus
1020 1322 1140 1364 Saul.
1190 1335 1262 1363 cur
1301 1335 1381 1363 non
1422 1335 1588 1363 seruum
1632 1320 1786 1362 domini

280 1392 418 1433 Dauid
449 1392 488 1432 in
522 1404 669 1432 manus
701 1392 952 1432 tradiderint
976 1392 1078 1440 eius,
1111 1404 1191 1433 non
1215 1392 1349 1432 solum
1370 1392 1581 1432 trecentos
1605 1391 1784 1443 quinque

283 1461 536 1510 sacerdotes,
571 1460 645 1501 sed
679 1461 720 1500 et
749 1461 882 1501 totam
914 1460 1146 1513 perdidisse
1180 1461 1409 1501 ciuitatem.
1457 1459 1785 1512 persequebatur

282 1527 383 1569 Saul
422 1528 560 1569 Dauid
603 1541 709 1577 eum,
751 1530 790 1569 in
832 1530 949 1570 cuius
983 1529 1137 1570 ditione
1179 1542 1272 1570 cum
1312 1529 1448 1578 fuerit,
1490 1541 1612 1581 saepe
1644 1529 1785 1568 tamen

282 1597 316 1637 ei
350 1597 568 1650 ignouerit.
631 1603 666 1638 et
696 1600 870 1652 factum,
919 1598 1020 1639 dicit
1060 1598 1277 1651 scriptura,
1326 1612 1418 1639 cum
1458 1610 1649 1638 reuersus
1688 1599 1787 1637 esset

281 1665 390 1707 Saul
421 1671 515 1716 post
555 1667 842 1720 alienigenas,
889 1671 925 1708 et
971 1669 1330 1708 renuntiaucrunt
1375 1667 1411 1707 ei
1451 1667 1656 1708 dicentes:
1702 1678 1786 1706 ecce

280 1733 432 1775 Dauid
463 1735 511 1775 in
543 1735 700 1776 deserto
742 1735 887 1778 Gaddi
926 1739 996 1777 est.
1059 1739 1098 1777 et
1126 1737 1305 1788 sumpsit
1344 1748 1479 1776 secum
1518 1735 1605 1775 tria
1644 1733 1784 1775 millia

282 1803 475 1843 uirorum
507 1803 726 1844 electorum
765 1818 813 1845 cx
852 1806 968 1845 omni
998 1805 1151 1855 Israel,
1194 1809 1231 1845 et
1268 1804 1374 1845 abiit
1405 1817 1601 1857 quaerere
1631 1803 1784 1844 Dauid

280 1874 320 1911 et
347 1872 465 1913 uiros
504 1873 593 1913 eius
624 1875 721 1913 ante
751 1873 903 1925 faciem
939 1875 1183 1914 uenationis
1222 1886 1454 1914 ceruorum.
1514 1876 1550 1913 et
1581 1874 1697 1914 uenit
1728 1873 1784 1914 ad

278 1953 418 1993 yreyes
456 1941 600 1981 ouium
646 1955 752 1993 quae
791 1944 916 1982 erant
946 1942 1002 1983 ad
1031 1943 1164 1995 uiam,
1212 1945 1247 1982 et
1286 1945 1376 1983 erat
1417 1942 1475 1983 ibi
1505 1942 1718 1993 spelunca,
1749 1945 1784 1983 et

280 2009 477 2049 introiuit
514 2009 624 2051 Saul
666 2010 722 2051 ad
762 2011 924 2059 sellam,
973 2013 1011 2052 et
1050 2010 1202 2052 Dauid
1240 2014 1275 2052 et
1309 2012 1437 2063 pueri
1478 2011 1567 2051 eius
1606 2010 1785 2051 interius

279 2077 503 2129 speluncae
533 2079 739 2120 sedebant.
772 2082 810 2119 et
839 2080 1040 2120 dixerunt
1070 2080 1161 2120 uiri
1179 2078 1332 2121 Dauid
1357 2079 1413 2120 ad
1443 2093 1558 2120 eum:
1590 2092 1675 2120 ecce
1697 2079 1785 2120 dies

279 2145 345 2186 hic
376 2159 495 2198 quem
526 2147 637 2188 dixit
657 2147 857 2189 dominus
868 2166 878 2187 :
910 2147 986 2188 tibi
1008 2147 1111 2189 dabo
1131 2147 1355 2188 inimicum
1377 2151 1496 2189 tuum
1517 2148 1565 2188 in
1587 2147 1785 2188 manibus

280 2215 377 2263 tuis,
411 2217 448 2255 et
478 2215 610 2267 facies
642 2217 680 2256 ei
710 2230 816 2268 quae
840 2216 1006 2268 placita
1036 2219 1135 2257 sunt
1165 2219 1262 2257 ante
1292 2215 1428 2257 oculos
1449 2220 1550 2258 tuos.
1584 2219 1622 2257 et
1641 2229 1781 2258 exsur-

280 2283 389 2324 rexit
420 2282 583 2334 Dauid,
626 2287 664 2324 et
693 2284 869 2337 dempsit
891 2286 1082 2337 pinnam
1121 2284 1345 2325 chlamidis
1376 2284 1484 2325 Saul
1523 2284 1687 2326 occulte.
1748 2288 1784 2325 et

278 2351 440 2404 factum
472 2355 528 2392 est
551 2355 649 2405 post
679 2353 790 2407 haec,
830 2356 866 2394 et
898 2353 1109 2406 percussit
1148 2367 1215 2394 cor
1246 2352 1398 2395 Dauid
1437 2366 1480 2395 eo
1518 2354 1628 2406 quod
1669 2354 1780 2395 dem—

275 2420 432 2472 psisset
455 2420 644 2473 pinnam
683 2421 919 2463 chlamidis.
981 2425 1017 2462 et
1057 2422 1167 2463 dixit
1197 2421 1351 2463 Dauid
1391 2422 1447 2463 ad
1485 2435 1635 2475 pueros
1665 2435 1784 2463 suos:

415 2521 433 2553 7
458 2520 475 2554 Ι
499 2521 583 2565 Reg.
610 2521 665 2565 22,
693 2522 746 2558 18.
773 2523 814 2556 19
910 2523 952 2557 19
977 2522 1023 2557 ib.
1051 2523 1105 2562 24,
1134 2522 1245 2557 2—16

346 2634 367 2667 2
392 2613 590 2678 contempse
693 2636 713 2669 3
738 2647 781 2670 ne
807 2647 834 2671 s.
863 2637 883 2671 I.
911 2649 952 2671 m.
978 2641 997 2670 1
1102 2637 1120 2670 7
1147 2640 1180 2670 et
1206 2636 1227 2670 8
1253 2636 1382 2670 dohaec
1487 2639 1528 2671 10
1554 2638 1658 2682 ephot
1685 2646 1714 2682 (e
1739 2649 1782 2672 erc

279 2702 297 2724 0
324 2692 433 2734 corr.)
537 2692 573 2724 in
599 2692 717 2726 nonba
741 2696 773 2736 (0
799 2705 843 2727 eoo
867 2705 888 2727 u
917 2705 958 2728 m.
985 2695 1020 2737 1)
1048 2693 1229 2727 ciuitatem
1261 2694 1293 2727 V
1314 2695 1377 2728 sed
1405 2706 1447 2728 m.
1474 2706 1542 2729 rec.
1569 2706 1687 2739 supra
1712 2707 1781 2730 scr.

279 2781 315 2815 et
339 2780 441 2822 oben,
468 2782 654 2834 inqNonba
680 2784 826 2818 ciuitate
850 2785 950 2836 fort„
985 2786 1019 2818 et
1044 2783 1155 2823 Oben,
1189 2784 1368 2818 ciuitatem
1397 2796 1413 2818 ι·
1510 2787 1550 2819 15
1585 2754 1643 2820 οὲῑ
1676 2775 1715 2830 (9
1737 2799 1780 2821 m..

277 2845 361 2886 rec.)
456 2843 495 2877 21
523 2845 591 2878 tria
616 2846 724 2879 millia
751 2847 903 2880 uirorum
926 2832 1043 2881 secum
1069 2846 1186 2890 siynis
1215 2850 1358 2889 transp.
1386 2848 1532 2882 additis
1642 2848 1685 2882 29
1713 2849 1779 2883 cla-

277 2900 378 2933 midis
404 2909 436 2934 et
463 2902 515 2935 sic
540 2902 645 2943 infra

1809 999 1840 1022 10

1806 1339 1838 1364 15

1805 1681 1837 1705 20

1805 2023 1836 2047 25

1803 2366 1835 2391 30
