1934 3278
555 247 611 282 De
637 249 759 282 sancto
784 247 980 282 Athanasio
1004 246 1094 282 liber
1117 246 1143 282 I.
1525 248 1607 292 135

157 374 419 417 XXXVIIII.
450 374 587 416 Deum
621 373 762 416 dicere
792 374 895 416 haec
919 373 1108 423 audiens,
1141 373 1241 427 quia
1263 373 1398 416 adhuc
1420 374 1461 416 in
1482 374 1607 416 malis

99 444 184 486 tuis
217 456 309 486 esse
342 442 540 497 digneris,
586 442 773 497 gaudere
812 443 855 485 te
895 443 1022 484 etiam
1061 443 1103 484 in
1143 443 1220 484 hoc
1254 442 1444 492 arbitror,
1494 442 1606 496 quod

101 524 196 553 cum
228 512 649 565 praeuaricatoribus‚
691 524 788 553 cum
821 512 945 554 deum
979 511 1365 565 derelinquentibus
1401 511 1476 553 illa
1506 523 1604 565 per-

100 582 297 634 cepturus
320 581 377 623 sis
399 581 451 622 ab
473 593 534 623 eo.
567 593 646 622 uae
661 580 738 622 tibi
760 580 996 622 homicidae
1020 581 1144 634 atque
1167 580 1386 634 sacrilego,
1410 580 1605 634 quoniam

65 663 81 688 5
100 650 179 691 nisi
209 650 509 703 paenitentiam
550 649 757 692 factorum
795 649 963 691 tuorum
1005 649 1154 703 egeris,
1202 649 1283 690 eris
1323 649 1371 690 ut
1413 660 1519 690 nunc
1562 660 1606 690 es

97 718 207 760 inter
255 718 351 761 illos
411 731 514 772 quos
565 730 635 761 ore
690 718 826 760 Isaiae
887 718 1075 771 increpat
1126 717 1289 759 dicens:
1349 730 1458 771 uae,
1506 729 1608 771 yens

94 788 324 843 peccatrix,
349 788 539 841 populus
561 787 719 841 plenus
747 787 926 843 delictis,
958 799 1096 830 semen
1125 786 1379 841 maliynurn,
1409 785 1496 840 filii
1516 786 1607 827 sine

100 857 197 911 leye,
243 855 527 909 dereliquistis
565 856 786 898 dominum
829 857 869 897 et
905 855 1183 898 exacerbastis
1219 857 1415 897 sanctum
1453 853 1606 896 Israel.

101 925 182 966 eris
223 936 387 978 semper
424 937 532 966 unus
572 937 619 966 ex
659 924 757 973 illis,
805 924 876 977 qui
914 924 1082 978 propter
1121 923 1330 977 nequitias
1372 922 1606 965 studiorum

49 1007 82 1031 ιο
101 1005 269 1035 suorum
311 993 566 1046 principibus
605 993 882 1035 Sodomorum
924 994 966 1034 et
1002 992 1167 1046 populis
1201 992 1458 1035 Gomorrhae
1502 1003 1605 1033 con-

100 1062 310 1115 parantur,
344 1061 442 1104 dum
466 1062 638 1103 dicitur:
670 1062 816 1104 audite
835 1062 1008 1104 uerbum
1028 1062 1206 1116 domini,
1229 1061 1453 1115 principes
1474 1060 1607 1103 Sodo-

97 1144 275 1183 morum,
317 1130 530 1172 adtendite
561 1131 691 1186 leqem
719 1131 801 1184 dei,
830 1131 945 1184 plebs
979 1129 1249 1174 Gomorrhae.
1283 1141 1378 1171 cum
1408 1129 1493 1170 illis
1525 1128 1607 1170 eris

102 1199 181 1240 nisi
211 1199 255 1241 te
286 1199 529 1250 correxeris,
563 1199 614 1241 de
647 1200 798 1253 quibus
830 1199 1032 1253 scriptum
1061 1199 1226 1254 legisti:
1266 1199 1306 1241 si
1342 1198 1606 1251 multiplica-

99 1269 248 1310 ueritis
274 1282 431 1322 preces,
465 1282 549 1311 non
579 1270 810 1312 exaudiam
839 1282 939 1320 uos,·
975 1282 1133 1311 manus
1170 1269 1283 1311 enim
1313 1270 1478 1310 uestrae
1507 1279 1607 1308 san·

51 1346 83 1372 ¹⁵
99 1337 229 1390 quine
252 1337 409 1390 plenae
437 1341 550 1380 sunt.
582 1350 660 1380 uae
691 1338 781 1387 tibi,
816 1338 1049 1389 Constanti,
1083 1338 1154 1392 qui
1184 1337 1346 1379 tantam
1380 1336 1448 1378 dei
1468 1336 1605 1377 incur-

100 1405 205 1446 reris
237 1405 446 1455 offensam,
480 1408 528 1448 ut
558 1420 637 1449 non
659 1407 805 1449 uidere
826 1407 1036 1460 potuisses
1059 1407 1159 1461 quid
1179 1407 1257 1449 tibi
1278 1406 1428 1448 fuisset
1449 1417 1607 1447 cauen-

103 1473 214 1515 dum.
257 1486 352 1516 cum
385 1476 494 1518 enim
527 1476 641 1518 dicat
673 1489 743 1518 ore
765 1476 902 1519 Isaiae
933 1476 1019 1518 illis
1039 1476 1335 1530 prophetarum
1369 1475 1606 1517 sanctorum

102 1543 145 1583 et
175 1543 359 1584 omnium
389 1544 594 1587 iustorum
626 1544 990 1587 interfectoribus:
1030 1545 1258 1599 lauamini,
1289 1543 1442 1586 mundi
1472 1546 1605 1590 estote,

32 1661 41 1671 ⁴
102 1610 265 1663 auferte
294 1613 490 1654 malitias
519 1614 572 1655 ab
601 1614 794 1656 inimicis
815 1615 967 1656 uestris
988 1617 1085 1657 ante
1106 1614 1249 1656 oculos
1272 1625 1395 1664 meos,
1429 1612 1608 1655 desinite

51 1688 86 1714 20
103 1694 131 1722 a
161 1680 344 1722 malitiis
373 1682 543 1734 uestris,
582 1682 729 1725 discite
766 1683 917 1725 bonum
945 1683 1101 1737 facere,
1139 1682 1346 1735 inquirite
1381 1682 1605 1735 iudicium,

101 1750 251 1803 eripite
287 1750 500 1791 iniuriam
538 1751 829 1803 accipientem,
876 1752 1061 1795 iudicate
1089 1750 1264 1806 pupillo
1304 1754 1343 1793 et
1381 1751 1608 1804 iustificate

100 1817 303 1870 uiduam,
351 1817 404 1858 ad
449 1818 553 1858 haec
596 1818 740 1859 contra
780 1819 946 1861 iuberes
986 1819 1259 1861 trucidandos
1302 1819 1368 1860 dei
1410 1819 1606 1867 cultores,

101 1885 236 1939 ipsum
270 1886 549 1928 deserendum
573 1886 711 1937 deum,
746 1888 1056 1942 suscipiendam
1079 1901 1179 1931 uero
1199 1887 1498 1938 idololatriam,
1530 1889 1608 1930 hoe

101 1954 181 1996 fuit
213 1954 380 1997 audisse
414 1955 481 1997 dei
502 1956 661 1997 monita
693 1956 735 1998 et
765 1956 894 1998 fuisse
925 1958 1189 2000 correctum?
1221 1970 1304 2011 qua
1336 1957 1387 1998 de
1417 1970 1462 1998 re
1493 1957 1608 1998 istud

51 2023 219 2077 ascogis
252 2036 326 2066 nos
356 2023 510 2075 facere,
544 2025 623 2066 nisi
655 2025 754 2078 quia
785 2025 842 2067 sis
873 2026 1044 2079 cupiens
1075 2039 1148 2069 nos
1178 2027 1320 2068 tecum
1342 2026 1483 2080 gladio
1505 2039 1608 2068 con-

103 2092 240 2134 sumi?
279 2096 317 2134 et
355 2094 394 2136 si
432 2093 663 2146 uolueritis,
707 2094 810 2136 dicit
841 2095 959 2146 deus,
1006 2099 1045 2138 et
1080 2096 1357 2138 exaudieritis
1386 2109 1462 2146 me,
1502 2095 1610 2136 bona

102 2164 238 2204 terrac
268 2162 405 2204 edetis.
435 2163 476 2204 si
505 2175 606 2205 uero
626 2163 852 2205 nolueritis
870 2177 1001 2218 neque
1020 2164 1298 2207 eoeaudieritis
1327 2178 1404 2217 me,
1434 2163 1609 2218 yladius

101 2242 179 2271 uos
209 2229 413 2280 comedet‚·
442 2243 487 2272 os
517 2230 631 2272 enim
660 2231 826 2273 domini
855 2231 1042 2274 locutum
1071 2236 1129 2275 est
1158 2233 1254 2274 ista.
1296 2233 1363 2274 cui
1394 2233 1607 2285 tempera-

102 2297 252 2343 bimus,
294 2297 426 2339 deone
466 2299 569 2340 haec
603 2299 760 2340 dicenti
802 2312 851 2341 an
882 2300 959 2342 tibi
992 2300 1081 2343 eius
1110 2301 1308 2343 inimico?
1370 2301 1473 2342 deus
1506 2300 1609 2341 dicit

239 2422 259 2456 6
285 2422 343 2457 Es.
371 2423 402 2462 1,
428 2423 450 2455 4
546 2423 584 2457 11
613 2422 662 2458 ib.
689 2424 720 2464 1,
749 2424 790 2459 10
888 2424 929 2459 13
955 2424 1002 2458 ib.
1021 2426 1053 2466 1,
1082 2426 1122 2460 15
1219 2425 1260 2461 18
1287 2425 1516 2465 ib.1,16.17

100 2475 144 2511 26
170 2477 215 2511 ib.
243 2478 274 2518 1,
302 2479 354 2513 19.
379 2479 423 2512 20

172 2602 193 2635 6
218 2603 376 2647 increpat
399 2615 431 2643 v,
459 2603 642 2639 inherebat
674 2606 712 2649 V,
738 2606 825 2640 add.
853 2605 937 2640 deus
962 2618 990 2642 s.
1018 2607 1039 2642 l.
1065 2619 1108 2642 m.
1136 2619 1203 2642 rec.
1229 2612 1262 2642 et
1291 2620 1308 2641 v
1417 2608 1437 2643 8
1464 2608 1608 2643 derelin-

102 2670 226 2714 quistis
366 2671 408 2705 10
439 2652 586 2716 populiis
618 2674 640 2717 (¹
669 2686 712 2709 ηι.
738 2676 822 2717 rec.)
969 2686 1148 2719 gomorrae
1288 2676 1332 2711 12
1362 2688 1518 2721 gomorrv

103 2726 144 2760 17
171 2738 251 2761 orae
364 2729 406 2763 19
432 2730 593 2775 inimicis]
619 2731 803 2766 animabus
829 2732 1010 2767 Latinius
1036 2737 1070 2768 et
1096 2734 1212 2768 LXX
1320 2734 1361 2769 21
1389 2735 1518 2780 popillo

100 2794 145 2829 22
169 2795 267 2840 haee]
294 2798 333 2830 tu
358 2798 446 2832 add.
473 2809 500 2832 s.
528 2799 548 2832 l.
576 2811 620 2833 m.
637 2811 705 2835 rec.
801 2801 844 2835 27
870 2799 974 2835 editis
1068 2784 1112 2837 rie
1137 2804 1168 2845 (¹¹²
1196 2815 1236 2837 m.
1257 2806 1340 2847 rec.)
1435 2803 1479 2838 28
1504 2805 1608 2838 istam

102 2862 146 2886 m.
171 2856 189 2886 1
285 2852 604 2898 obtemperabimus
633 2868 650 2890 v
1071 2850 1078 2857 ⁸
