1934 3278
288 203 343 243 24
942 200 1135 234 Luciferi

286 330 416 370 cartis
447 329 574 370 haias
606 329 756 370 mandi
788 332 864 369 ant
894 330 1045 370 auaris
1076 331 1151 369 (tut
1173 327 1414 380 mptori‘bus
1435 330 1512 367 aat
1533 326 1786 380 idololatris,

285 397 479 450 alioquin
510 398 743 440 debueratis
773 399 822 439 de
853 397 925 438 hoc
957 397 1113 438 mando
1135 397 1296 438 exiisse.
1333 409 1444 436 nanc
1467 397 1607 436 autem
1634 394 1788 447 scripsi

286 465 402 507 uobis
432 479 518 507 non
549 466 817 516 commisceri,
850 466 888 506 si
909 466 1005 518 quis
1024 466 1160 518 frater
1181 465 1432 505 nominatur
1450 464 1689 517 fornicator
1712 465 1788 504 aut

285 547 448 576 aaaras
488 539 562 574 aut
599 534 811 575 idolorum
843 535 978 575 cultor
1015 537 1091 574 aat
1121 533 1352 575 maledicas
1394 535 1468 573 aut
1499 533 1681 573 ebriosus
1714 534 1788 571 aut

286 616 440 655 rapax?
482 616 576 644 cam
608 603 812 644 eiusmodi
843 616 914 643 iaec
944 602 1078 643 cibum
1109 615 1279 643 simiere.
1334 601 1368 642 si
1400 600 1539 642 cibum
1571 600 1788 641 uobiscum

285 670 477 711 iubemur
510 683 587 712 non
621 683 798 720 sumere,
832 670 1072 712 credideras
1104 670 1289 723 potuisse
1313 669 1543 711 catholicos
1566 668 1787 710 conuenire

285 751 381 779 cum
404 739 626 780 haereticis
650 738 701 779 ad
725 738 927 780 solemnia
949 739 1100 779 cuncta
1122 738 1403 779 celebranda?
1434 738 1653 779 uobiscum
1677 750 1786 778 erra-

281 807 390 856 ticis,
424 807 640 848 uobiscum
672 819 745 859 per
768 806 922 847 diaboli
945 819 1152 847 uenenum
1176 806 1227 846 ad
1251 819 1415 847 omnem
1439 805 1631 846 deductis
1655 806 1787 846 ebrie-

279 875 412 916 tatem
460 888 550 916 esse
597 876 866 928 potueramus
916 874 982 916 dei
1023 875 1234 916 cultores?
1297 874 1503 927 quomodo
1543 874 1634 914 fieri
1672 874 1787 916 istud

272 944 479 997 potuerat,
520 944 567 984 ut
598 944 705 984 inter
735 943 922 985 mortuos
954 943 1041 983 uiui
1074 943 1308 983 staremus?
1341 955 1436 983 cum
1470 941 1641 996 dignum
1675 943 1788 984 esset

281 1013 417 1066 magis
449 1025 537 1063 uos,
571 1012 644 1053 filii
681 1012 912 1053 aduersarii
943 1010 1086 1061 nostri,
1121 1011 1398 1064 congregatos
1430 1011 1470 1051 in
1502 1024 1630 1052 unum
1651 1011 1786 1052 uideri

282 1081 323 1122 et
354 1094 427 1122 nos
459 1081 603 1122 contra
636 1081 790 1122 Christi
821 1080 976 1121 milites
1008 1080 1049 1120 in
1081 1093 1222 1130 unum,
1257 1092 1336 1132 quo
1368 1079 1548 1132 possetis
1581 1080 1668 1121 sine
1700 1080 1788 1121 ulla

285 1149 543 1190 dubitatione
579 1149 628 1189 ab
662 1149 851 1191 omnibus
886 1149 1009 1189 deum
1043 1148 1313 1202 diligentibus
1345 1149 1533 1189 membra
1566 1161 1613 1189 ac
1638 1161 1786 1201 corpus

284 1217 516 1259 meretricis
540 1218 736 1266 uocitari;
769 1230 848 1270 quo
870 1217 1035 1258 nomine
1060 1217 1185 1258 etiam
1208 1230 1281 1259 nos
1302 1230 1521 1270 possemus
1543 1217 1784 1270 nuncupari,

285 1286 319 1326 si
360 1286 523 1327 nosmet
559 1286 822 1327 traderemus
869 1286 1000 1327 uobis.
1064 1286 1233 1327 nescitis
1278 1287 1380 1338 quia
1425 1300 1599 1339 corpora
1645 1290 1786 1327 uestra

284 1356 467 1396 membra
500 1355 659 1398 Christi
700 1355 832 1396 sant?
883 1355 1029 1396 tollens
1066 1368 1158 1408 cryo
1196 1355 1381 1396 membra
1423 1354 1586 1397 Christi
1625 1355 1787 1408 faciam

283 1424 468 1465 membra
499 1424 761 1465 meretricis?
821 1423 941 1466 absit.
1004 1427 1077 1464 aut
1108 1424 1277 1464 nescitis
1316 1424 1419 1476 quia
1457 1424 1530 1476 qui
1568 1437 1609 1465 se
1647 1424 1787 1478 iimyit

284 1493 494 1534 meretrici
524 1505 658 1533 animi
689 1505 837 1544 corpus
867 1495 936 1534 est0
968 1494 1093 1532 erant
1122 1491 1245 1541 enim,
1277 1492 1431 1545 inquit,
1472 1492 1554 1534 duo
1585 1493 1632 1533 in
1662 1506 1787 1533 carne

283 1575 385 1603 avia.
448 1562 521 1614 qai
561 1564 702 1602 autem
733 1561 876 1614 ianyit
905 1574 945 1602 se
975 1561 1144 1602 domim
1176 1573 1288 1601 anas
1318 1561 1498 1613 spiritus
1530 1564 1608 1616 est;
1654 1561 1787 1615 fayite

282 1630 621 1683 fornicationem.
656 1629 891 1670 cuiusmodi
913 1629 977 1670 uis
1000 1628 1145 1682 fugere
1169 1641 1242 1670 nos
1266 1629 1418 1671 debere
1442 1630 1786 1672 fornicationem?

284 1698 354 1752 qui
396 1698 504 1739 enim
550 1698 716 1750 praeter
755 1710 925 1739 uxorem
973 1697 1099 1738 aliam
1137 1697 1279 1750 petere
1320 1698 1501 1739 uoluerit
1539 1698 1786 1740 fornicarius

284 1767 462 1815 dicitur3
495 1766 597 1807 item
630 1767 699 1819 qui
737 1765 861 1807 idolis
894 1766 1086 1807 seruierit
1115 1765 1343 1807 fornicatus
1377 1767 1543 1818 dicitur,
1591 1769 1787 1821 quoniam

284 1836 453 1889 quidem
477 1836 600 1876 deum
625 1835 915 1889 derelinquens
936 1835 1050 1876 idola
1083 1835 1339 1883 adorauerit;
1373 1835 1566 1877 similiter
1592 1837 1661 1889 qui
1682 1838 1786 1878 hae-

283 1905 439 1946 reticus
464 1904 527 1945 est
548 1903 794 1945 fornicarius
817 1904 1003 1945 uocatur.
1039 1903 1216 1956 quoduis
1237 1903 1286 1944 de
1304 1903 1369 1945 his
1387 1916 1592 1957 cognosce
1615 1905 1786 1958 grauius

285 1985 375 2015 esse
408 1973 565 2014 crimen
597 1972 856 2014 haereticum
888 1972 990 2023 fieri,
1023 1972 1146 2014 idolis
1179 1972 1335 2014 seruire
1370 1985 1420 2013 an
1443 1974 1786 2015 concommittere
1823 1992 1838 2007 a

285 2041 515 2082 secundum
555 2054 724 2082 carnem
764 2041 1029 2083 adulterium.
1093 2040 1189 2093 quia
1222 2053 1331 2094 ergo,
1367 2041 1454 2082 siue
1486 2042 1664 2095 gentiles
1697 2043 1785 2083 siue

284 2123 358 2152 uos
390 2110 590 2152 haeretici
622 2110 868 2151 idololatres
909 2109 1108 2153 dicimini.
1149 2109 1325 2162 utraque
1365 2122 1461 2163 pars
1501 2110 1785 2152 idololatriam

284 2178 337 2219 sit
367 2191 516 2232 gerens
548 2191 720 2220 necesse
754 2178 829 2228 est,
874 2177 915 2219 et
950 2178 1091 2219 tamen
1125 2178 1222 2230 quia
1256 2191 1278 2218 a
1310 2179 1467 2220 carnali
1498 2179 1783 2222 fornicatione.

284 2247 486 2300 quantum
519 2247 600 2288 dici
632 2259 711 2288 non
742 2246 895 2300 potest,
929 2246 1039 2299 quod
1071 2246 1257 2287 uastiora
1290 2247 1372 2288 sint
1402 2247 1475 2288 illa
1507 2247 1588 2289 duo
1612 2249 1786 2289 crimina

281 2315 515 2368 intelleges,
550 2315 744 2368 conspice
778 2315 927 2368 quibus
958 2315 1000 2355 te
1022 2314 1279 2368 iugulaueris
1302 2315 1436 2356 malis.
1471 2316 1627 2357 clamat
1649 2316 1783 2358 adhuc

285 2384 427 2425 dicens
468 2383 758 2425 sanctissimus
802 2383 1034 2436 apostolus:
1096 2397 1216 2425 omne
1249 2388 1467 2437 peccatam
1505 2386 1615 2438 quod
1644 2386 1785 2438 fecerit

422 2486 463 2519 15
488 2485 522 2519 Π
547 2485 623 2521 Cor.
649 2486 682 2526 6,
710 2486 843 2519 15-17
938 2485 978 2518 31
1006 2485 1053 2519 ib.
1079 2486 1111 2526 6,
1140 2485 1182 2520 18

1424 2556 1442 2572 tl

352 2577 368 2610 1
396 2576 517 2610 mundi
549 2588 593 2611 esc
625 2577 719 2611 modi
752 2589 795 2612 m.
823 2581 841 2612 1
983 2577 1004 2611 2
1031 2577 1154 2611 scribsi
1294 2579 1313 2611 7
1348 2579 1473 2612 erracis
1623 2580 1662 2614 11
1694 2581 1785 2615 filios

283 2634 419 2678 malim,
445 2633 491 2675 cf.
514 2645 553 2678 p.
579 2636 638 2678 32,
663 2637 711 2669 30
849 2635 893 2668 20
919 2634 1111 2669 cuiusmodi
1138 2655 1179 2659 —-
1205 2635 1472 2670 fornicationem
1497 2647 1562 2671 om.
1590 2641 1625 2671 et
1651 2639 1691 2671 in
1716 2650 1783 2684 my.

284 2691 354 2734 inf.
380 2690 570 2734 suppleuit
594 2702 638 2724 m.
664 2694 684 2725 1
809 2691 853 2724 22
877 2691 1081 2726 fornicarius
1106 2702 1175 2726 scr.
1207 2691 1434 2726 Gallcmdius
1552 2693 1595 2726 24
1618 2694 1708 2738 quod
1733 2696 1785 2729 uis

283 2748 326 2782 de
350 2747 404 2781 his
430 2757 635 2791 cognoscere
662 2750 755 2783 coni.
786 2750 1013 2785 Gallandius
1153 2750 1196 2783 25
1229 2761 1331 2794 quain
1363 2752 1579 2785 committere
1604 2752 1694 2794 fort.

281 2806 326 2840 26
344 2815 408 2849 ego
503 2803 547 2837 28
565 2815 584 2837 a
602 2816 681 2849 eoep.
698 2806 880 2842 Latinius
973 2808 1017 2842 30
1033 2808 1209 2852 intellegis
1226 2808 1315 2850 fort.
1409 2808 1596 2853 intelliges.
1615 2808 1784 2853 Conspicc

282 2860 517 2908 interpunyit
541 2872 562 2895 v

1824 615 1840 639 5

1809 955 1840 979 10

1807 1298 1839 1324 15

1807 1641 1839 1666 20

1805 2330 1837 2355 30
