1934 3278
288 253 342 293 92
940 249 1136 283 Luciferi

287 391 349 418 me
379 377 576 419 domiuus
608 377 655 417 iri
687 376 884 417 manibus
914 376 1013 428 tuis,
1054 379 1090 416 et
1126 389 1210 416 riori
1250 375 1439 416 occidisti
1477 389 1552 416 me.
1613 378 1652 416 et
1681 375 1787 416 sicut

286 447 481 487 inueniat
510 446 605 498 quis
626 446 809 486 amicum
831 457 955 485 suum
981 447 1017 485 et
1032 445 1282 496 praemittat
1302 457 1394 485 eum
1415 443 1463 484 iri
1484 444 1602 484 uiam
1623 443 1784 492 bonam,

286 518 323 555 et
353 516 550 556 dommus
589 514 793 555 retribuat
822 513 899 554 tibi
929 513 1036 556 bona
1063 527 1142 566 pro
1174 512 1323 566 quibus
1352 513 1488 565 fecisti
1517 512 1624 553 mihi
1654 511 1785 553 hodie.

285 586 323 624 et
352 596 465 624 nuuc
497 596 580 624 ecce
610 596 680 636 eqo
712 582 795 623 scio
827 582 1028 634 quoniam
1059 583 1275 635 reynaudo
1308 581 1502 635 reynabis
1532 584 1568 621 et
1590 580 1784 622 constitu-

283 654 375 691 etur
405 652 453 692 iii
484 665 615 692 mauu
646 654 723 691 tua
754 663 929 703 retortum
961 649 1111 702 Israel,
1158 653 1195 691 et
1233 664 1346 691 nuuc
1385 650 1485 690 iura
1523 652 1569 690 tu
1599 649 1706 690 mihi
1739 649 1785 689 iri
1821 657 1837 682 5

282 720 465 769 domiuo,
512 722 550 761 si
582 732 665 760 uon
696 719 930 760 eradicabis
967 731 1102 759 semen
1141 732 1278 760 meum
1302 721 1399 771 post
1438 731 1500 759 me
1544 721 1580 759 et
1618 718 1657 758 si
1697 730 1783 758 raon

282 789 582 829 extermiiiabis
614 801 761 829 nomen
792 788 840 829 de
871 789 987 829 domo
1024 789 1162 839 patris
1200 789 1295 829 mci.
1357 790 1395 828 et
1435 788 1601 828 iurauit
1632 786 1784 828 Dauid

283 857 400 899 Saul.
434 859 527 910 post
557 858 660 898 haec
693 857 836 910 utique
870 857 1073 898 debuerat
1102 857 1186 897 iam
1216 856 1370 897 mutari
1393 856 1507 906 Saul,
1541 855 1616 897 sed
1649 855 1782 896 adhuc

282 939 356 967 nec
389 927 469 968 iste
504 925 655 967 desinit
684 925 878 978 persequi
918 938 993 966 nec
1035 925 1178 967 deficit
1208 938 1378 979 parcere
1410 924 1562 967 Dauid.
1622 927 1659 965 et
1687 937 1782 966 sur-

280 996 400 1050 rexit,
435 995 538 1036 dicit
570 994 788 1047 scrip'cura,
832 994 939 1037 Saul
969 998 1005 1035 et
1036 995 1245 1036 descendit
1283 995 1332 1035 iri
1361 994 1567 1035 desertum
1607 1007 1783 1045 opacum
1804 999 1835 1023 10

280 1067 316 1104 et
347 1077 441 1105 cum
471 1077 514 1104 eo
546 1064 633 1104 tria
664 1062 805 1105 millia
842 1064 1037 1104 uirorum
1077 1063 1298 1105 electorum
1336 1077 1386 1105 esc
1416 1062 1555 1104 Israel
1586 1076 1783 1116 quaerere

279 1130 443 1183 Dauid,
509 1133 550 1173 et
588 1130 718 1172 infra:
765 1134 801 1172 et
846 1132 963 1172 misit
1000 1131 1152 1173 Dauid
1192 1133 1473 1184 exploratores
1519 1134 1558 1172 et
1595 1131 1782 1184 coyriouit

278 1202 479 1252 quoniam
509 1202 624 1241 uertit
658 1200 767 1244 Saul
798 1201 845 1241 iii
877 1200 1036 1242 Sicelet.
1092 1204 1129 1241 et
1159 1201 1343 1242 surrexit
1373 1199 1526 1242 Dauid
1564 1200 1715 1242 occulte
1746 1203 1784 1241 et

279 1270 385 1311 abiit
415 1271 463 1311 'm
494 1269 640 1320 locum,
672 1270 744 1311 ubi
774 1270 1003 1311 dormiebat
1037 1269 1145 1312 Saul
1175 1273 1216 1311 et
1235 1270 1379 1311 Abner
1408 1270 1526 1323 filius
1548 1268 1640 1309 Ner
1653 1268 1782 1321 priri-

278 1350 369 1390 ceps
407 1339 585 1380 militiae
616 1340 717 1380 eius.
751 1342 788 1380 et
820 1338 930 1380 Saul
960 1339 1191 1380 dormiebat
1219 1339 1267 1379 iri
1297 1339 1501 1393 strayulis
1528 1337 1779 1391 praeclaris,
1802 1349 1832 1374 15

277 1410 313 1447 et
338 1407 456 1460 plebs
486 1411 577 1449 erat
607 1409 722 1449 circa
743 1422 849 1449 eum.
882 1411 919 1449 et
940 1407 1091 1449 Dauid
1113 1408 1223 1449 dixit
1255 1408 1311 1449 ad
1331 1407 1534 1449 Amalech
1557 1407 1781 1450 Cetliaeum

276 1480 313 1518 et
343 1477 504 1518 Abessa
534 1477 675 1529 filium
707 1476 888 1518 Saruiae
918 1477 1101 1529 fratrem
1131 1477 1234 1518 Ioab
1265 1478 1432 1518 diceus:
1462 1478 1558 1530 quis
1587 1478 1780 1519 introibit

277 1559 433 1587 mecum
464 1546 511 1586 iri
543 1546 694 1587 castris
724 1545 780 1586 ad
812 1545 955 1588 Saul?
1002 1548 1040 1586 et
1077 1546 1187 1587 dixit
1216 1546 1377 1587 Abessa
1407 1546 1463 1586 ad
1493 1545 1669 1589 Dauid.-
1709 1560 1779 1601 eqo

275 1615 339 1656 ibo
369 1618 515 1656 tecum.
550 1617 586 1655 et
618 1615 890 1655 intrauerunt
920 1613 1073 1655 Dauid
1104 1617 1142 1655 et
1163 1614 1323 1656 Abessa
1346 1615 1403 1656 ad
1419 1615 1632 1668 populum
1653 1619 1778 1665 rcocte,

275 1687 311 1725 et
343 1697 426 1725 ecce
458 1683 567 1725 Saul
599 1683 835 1724 dormiebat
865 1683 913 1723 iii
943 1683 1147 1737 strayulis
1170 1684 1385 1738 pretiosis,
1435 1687 1471 1725 et
1510 1684 1659 1726 laricea
1688 1685 1779 1737 fixa
1797 1692 1830 1717 20

274 1753 330 1793 ad
361 1755 488 1806 caput
520 1753 610 1793 eius
634 1751 882 1806 praeclara,
925 1754 964 1792 et
991 1751 1135 1793 Abuer
1165 1752 1393 1794 dormiebat
1432 1754 1546 1794 circa
1575 1767 1679 1795 eum.
1742 1756 1780 1795 et

273 1823 386 1863 dixit
415 1822 576 1864 Abessa
609 1821 665 1862 ad
697 1820 872 1862 Dauid.-
916 1821 1118 1862 conclusit
1155 1822 1353 1863 domiuus
1391 1821 1509 1864 hodie
1554 1823 1776 1864 inimicum

272 1894 392 1932 tuum
422 1891 470 1931 iii
501 1890 698 1931 manibus
729 1892 825 1941 tuis,
866 1892 903 1930 et
940 1904 1053 1931 omme
1093 1891 1280 1932 occidam
1319 1891 1367 1933 de
1399 1891 1543 1932 lancea
1574 1892 1697 1933 semel
1726 1893 1776 1933 iri

274 1963 431 2001 terram
459 1960 592 2013 ffiyeus
613 1962 649 2000 et
671 1973 759 2000 riou
780 1962 964 2010 repetam
983 1959 1118 2000 illam.
1151 1962 1190 2000 et
1213 1960 1322 2001 dixit
1342 1959 1494 2001 Dauid
1516 1960 1573 2001 ad
1594 1961 1775 2002 Abessa:

271 2042 358 2070 nori
389 2029 600 2082 coritiuyes
629 2027 769 2081 illum,
815 2028 1014 2079 quoniam
1052 2028 1147 2080 quis
1185 2028 1330 2069 iuiciet
1368 2042 1543 2069 marium
1573 2042 1695 2070 suam
1726 2030 1774 2071 irc
1794 2038 1826 2063 2⁵

270 2098 475 2139 christum
496 2096 658 2138 domiui
681 2099 717 2137 et
731 2108 873 2148 purus
893 2096 1004 2137 erit?
1035 2099 1071 2136 et
1091 2097 1203 2138 dixit
1223 2095 1397 2139 Dauid:
1426 2097 1542 2138 uiuit
1561 2097 1770 2151 domiuus,

270 2167 472 2219 quomam
502 2165 590 2206 uisi
619 2164 815 2206 dominus
840 2165 1102 2216 percusserit
1138 2164 1262 2206 illum
1293 2168 1370 2207 aut
1398 2165 1487 2206 uisi
1518 2166 1621 2207 hora
1651 2167 1773 2209 illius

269 2236 433 2277 uenerit
462 2238 499 2276 et
529 2234 742 2275 moriatur
771 2233 839 2274 uel
870 2233 919 2274 iri
941 2247 1138 2287 puynam
1169 2234 1424 2277 descenderit
1456 2238 1492 2276 et
1514 2236 1770 2288 adponatur,

268 2303 374 2344 mihi
396 2306 534 2345 autem
555 2317 639 2345 riou
664 2303 722 2343 sit
741 2315 769 2342 a
789 2302 960 2344 domiuo
981 2304 1135 2345 inicere
1155 2318 1332 2346 marium
1348 2318 1485 2347 meam
1505 2306 1554 2346 iri
1568 2306 1770 2347 christum

268 2372 446 2415 domiui.
476 2374 517 2413 et
546 2384 663 2413 nuuc
702 2370 842 2422 accipe
872 2370 1066 2413 lanceam
1103 2386 1210 2425 quae
1250 2376 1309 2414 est
1340 2374 1396 2415 ad
1427 2377 1557 2426 caput
1584 2375 1705 2417 illius
1734 2379 1770 2417 et
1789 2388 1822 2412 30

269 2439 416 2481 lentem
448 2454 595 2493 aquae,
628 2443 666 2481 et
696 2438 937 2481 recedamus
968 2454 1055 2482 iios.
1089 2444 1125 2482 et
1156 2442 1315 2495 accepit
1336 2441 1489 2484 Dauid
1520 2444 1708 2486 lanceam
1731 2448 1769 2487 et

269 2508 417 2550 lentem
447 2523 582 2562 aquae
614 2524 641 2550 a
671 2510 808 2562 capite
840 2512 939 2564 eius,
972 2514 1011 2552 et
1040 2511 1235 2552 abierunt
1267 2511 1364 2564 ipsi.
1397 2515 1434 2553 et
1464 2526 1552 2554 riori
1573 2516 1666 2554 erat
1694 2515 1769 2566 qui

266 2577 425 2619 uideret
456 2591 586 2630 neque
607 2580 681 2631 qui
701 2581 835 2632 sciret,
868 2583 907 2621 et
926 2593 1013 2621 nori
1035 2583 1126 2622 erat
1147 2581 1220 2633 qui
1241 2581 1463 2634 uiyilaret;
1494 2594 1632 2623 omues
1653 2584 1765 2624 enim

403 2679 423 2711 9
448 2678 463 2711 Ι
488 2679 572 2724 Reg.
598 2680 653 2720 26,
680 2682 701 2714 2
797 2682 838 2715 12
863 2681 910 2716 ib.
936 2682 990 2722 26,
1018 2681 1129 2715 4—25

335 2783 354 2815 5
380 2761 502 2842 iurasuci
528 2785 566 2826 (fu
590 2797 634 2819 m.
659 2788 744 2829 ree.)
842 2787 883 2821 16
910 2788 1042 2821 amalec
1067 2787 1226 2821 cetheum
1321 2787 1361 2820 17
1386 2788 1499 2821 saruie
1594 2788 1634 2822 21
1656 2789 1766 2833 capud

265 2874 308 2896 m.
338 2865 354 2895 l
449 2863 491 2895 25
518 2864 692 2898 inissucie‘c
785 2866 829 2900 ‘29
854 2878 966 2901 meam
992 2878 1058 2901 om.
1084 2878 1103 2900 i·
1197 2866 1241 2900 30
1266 2866 1378 2910 capud
1405 2879 1445 2901 m.
1473 2871 1490 2901 1
