1934 3278
305 258 389 300 324
961 253 1159 289 Luciferi

1017 402 1089 443 VI.

442 494 802 551 ATHANASH
826 494 914 548 AD
951 492 1316 548 LVCIFERVM
1353 482 1673 546 EPISTVLA.

308 627 469 653 DoMlNO
502 625 814 652 GLORIOSIsSIMO
847 625 897 650 AC
930 625 1085 650 MERITO
1125 623 1524 649 DESIDERANTISSIMO
1567 623 1811 649 (Ol-:PISCOPO

562 694 766 721 LVCIFERO
799 693 1060 718 ATHANASIVS
1092 693 1135 717 IN
1167 692 1330 718 DOMINO
1362 692 1566 717 SALVTEM.

367 770 457 811 Etsi
490 769 614 811 credo
647 769 887 822 peruenisse
922 768 1047 809 etiam
1084 767 1134 808 ad
1169 767 1435 808 sanctitatem
1466 767 1581 808 tuam
1624 766 1673 807 de
1714 780 1810 820 per-

310 839 539 881 secutione.
589 851 711 891 quam
763 837 890 878 etiam
929 850 1033 877 nunc
1080 836 1281 877 aduersus
1327 836 1629 877 fraternitatem
1676 836 1812 877 facere

311 907 453 949 conati
500 907 596 948 sunt
641 906 797 947 inimici
841 906 995 947 Christi
1042 904 1290 958 quaerentes
1329 904 1573 957 sanguinem
1613 905 1812 954 nostrum,

310 977 487 1029 possunt
525 976 665 1016 tamen
714 974 841 1016 etiam
881 973 1085 1015 carissimi
1129 973 1260 1014 nostri
1289 972 1442 1014 referre
1473 973 1665 1027 religioni
1696 974 1813 1021 tuae:

310 1045 350 1085 in
385 1044 549 1085 tantum
584 1044 693 1084 enim
724 1042 884 1084 rabiem
917 1054 1035 1083 suam
1067 1055 1139 1094 per
1160 1040 1317 1083 milites
1349 1041 1570 1083 extendere
1595 1042 1684 1083 ausi
1708 1041 1814 1093 sunt,

310 1113 358 1153 ut
396 1125 474 1154 non
508 1113 641 1154 solum
665 1111 849 1153 ciuitatis
873 1110 1047 1151 clericos
1074 1109 1314 1163 effugarent,
1349 1108 1423 1150 sed
1456 1109 1582 1151 etiam
1617 1110 1669 1151 ad
1690 1111 1814 1151 here-

309 1181 418 1223 mias
468 1181 626 1222 exirent
678 1180 719 1221 et
760 1179 945 1221 funestas
985 1192 1081 1220 suas
1124 1191 1273 1219 manus
1313 1178 1515 1220 aduersus
1554 1182 1819 1233 μουάζοντας

311 1249 585 1291 inmitterent.
647 1249 744 1290 inde
784 1247 942 1289 factum
984 1247 1047 1288 est
1088 1249 1134 1307 ut
1167 1248 1291 1288 etiam
1333 1260 1408 1301 ego
1447 1260 1514 1288 me
1543 1247 1708 1301 longius
1742 1248 1817 1289 ab-

314 1318 526 1368 ducerem,
560 1331 610 1359 ne
646 1317 772 1359 etiam
814 1317 883 1370 qui
914 1329 988 1358 nos
1023 1317 1299 1370 susceperunt
1328 1316 1541 1370 negotium
1576 1317 1626 1357 ab
1661 1315 1815 1357 eisdem

310 1386 565 1440 paterentur.
630 1385 697 1427 cui
738 1384 892 1426 etenim
931 1385 1105 1437 parcent
1137 1384 1302 1425 Arriani
1343 1385 1411 1438 qui
1444 1397 1518 1426 nec
1554 1385 1700 1426 animis
1733 1384 1819 1427 suis

311 1455 616 1509 pepercerunt?
652 1454 817 1508 quando
851 1454 989 1495 autem
1022 1455 1196 1506 possunt
1228 1454 1424 1495 recedere
1459 1467 1481 1495 a
1514 1454 1598 1495 suis
1630 1453 1820 1496 nefandis

318 1524 496 1565 actibus.
532 1524 629 1564 dum
662 1523 907 1576 permanent
938 1522 1128 1576 negando
1165 1523 1376 1564 dominum
1410 1522 1621 1564 Christum
1652 1522 1820 1563 unicum

315 1593 450 1633 filium
484 1592 577 1633 dei?
609 1593 710 1632 haee
747 1591 810 1633 est
839 1591 958 1631 radix
992 1603 1132 1632 eorum
1166 1591 1399 1644 prauitatis,
1432 1592 1508 1632 hoc
1543 1605 1615 1633 suo
1650 1604 1820 1633 arenoso

315 1661 585 1702 fundamento
611 1659 837 1701 aedificant
857 1672 1077 1713 peruersas
1102 1672 1199 1701 suas
1222 1659 1326 1710 uias,
1354 1660 1465 1701 sicut
1483 1660 1683 1714 scriptum
1699 1659 1820 1701 inue-

317 1730 457 1771 nimus
488 1729 530 1770 in
560 1729 685 1770 tertio
721 1728 882 1769 decimo
905 1728 1089 1781 psalmo:
1122 1728 1232 1769 dioeit
1260 1728 1468 1781 insipiens
1497 1730 1545 1770 111
1577 1729 1694 1771 corde
1725 1741 1822 1770 suo.-

320 1812 409 1840 11011
440 1801 500 1839 est
528 1798 640 1847 deus,
678 1797 720 1838 et
749 1809 845 1837 mox
878 1796 1086 1849 sequitur:
1119 1797 1309 1849 corrupti
1339 1800 1438 1838 sunt
1467 1800 1505 1838 et
1524 1796 1823 1839 abominabiles

323 1867 431 1920 facti
459 1869 561 1908 sitiit
588 1866 636 1907 111
669 1865 861 1919 operibus
891 1866 995 1908 sais,
1049 1864 1146 1906 inde
1178 1863 1326 1906 Iudaei
1357 1866 1558 1919 negantes
1589 1865 1723 1907 filium
1755 1864 1822 1908 dei

323 1935 438 1988 digni
468 1934 634 1975 fuerunt
669 1933 832 1974 audire:
864 1947 956 1983 uae,
986 1946 1088 1987 ι06113
1103 1934 1333 1985 peccatrix,
1361 1935 1550 1987 populus
1564 1935 1721 1987 plenus
1752 1936 1821 1977 de-

327 2004 454 2054 lictis,
486 2016 624 2045 semen
647 2003 898 2056 maliyiium,
931 2002 1016 2056 filii
1037 2002 1127 2043 31116
1151 2002 1246 2055 leae.
1279 2003 1391 2044 mide
1411 2003 1501 2045 sine
1524 2003 1638 2057 leye?
1668 2004 1823 2057 quippe

323 2073 428 2125 quia
465 2071 747 2124 dereliquistis
786 2071 1017 2112 dommum.
1082 2069 1178 2110 inde
1220 2070 1489 2113 beatissimus
1526 2071 1682 2113 Paulus
1729 2084 1823 2113 cum

321 2139 530 2193 coepisset
559 2152 639 2181 non
670 2138 834 2180 tantum
857 2137 1028 2179 credere
1050 2138 1091 2179 in
1114 2138 1247 2179 filium
1271 2138 1350 2189 dei,
1383 2152 1529 2181 uerum
1553 2140 1679 2181 etiam
1699 2153 1823 2194 prae-

323 2208 464 2249 dicare
499 2207 699 2249 deitatem
731 2207 875 2260 ipsius,
910 2208 1141 2249 scribebat:
1189 2209 1235 2249 iii
1272 2209 1391 2249 millo
1431 2209 1538 2250 1111111
1574 2209 1681 2250 mali
1721 2223 1822 2251 con-

317 2278 428 2319 scias
458 2290 565 2319 sum.
597 2276 658 2317 ita
688 2276 805 2318 iuxta
836 2276 1021 2318 uestram
1053 2276 1357 2318 confessionem
1390 2277 1515 2318 etiam
1537 2290 1611 2319 nos
1634 2277 1823 2331 optamus

464 2391 507 2425 15
531 2390 591 2425 ΡΒ.
618 2390 672 2431 13,
701 2391 717 2424 1
816 2390 857 2424 16
882 2389 940 2424 Ps.
970 2390 1023 2430 13,
1051 2391 1072 2424 ‘2
1168 2390 1210 2424 18
1235 2390 1291 2425 Es.
1320 2390 1349 2434 1,
1374 2390 1396 2423 4
1488 2390 1532 2424 22
1557 2390 1573 2424 Ι
1598 2391 1674 2425 Cor.
1699 2391 1732 2430 4,
1758 2391 1779 2423 4

387 2503 445 2538 VI.
484 2504 596 2538 Hanc
629 2504 828 2547 epistulam
862 2514 905 2538 ex
931 2503 1099 2547 antiquis
1130 2503 1276 2538 Galliae
1301 2504 1488 2538 codicibus
1514 2505 1612 2538 inter
1638 2508 1747 2538 notas
1773 2504 1824 2538 ad

326 2560 502 2604 Viqili'um
517 2561 549 2595 T
549 2571 739 2604 apsenscm
752 2571 792 2604 p.
809 2563 878 2595 109
895 2570 946 2604 sq.
964 2561 1084 2595 edidit
1103 2560 1310 2603 Chiffletius
1328 2564 1362 2594 et
1379 2560 1477 2594 inter
1493 2561 1698 2594 Athanasii
1712 2572 1841 2605 opera„

322 2618 347 2651 I
367 2620 392 2651 2
419 2628 458 2660 p.
491 2619 561 2652 965
593 2617 911 2660 Montfaucouius
1050 2627 1198 2653 noumo
1232 2638 1274 2642 —
1300 2627 1471 2652 SALVTEM
1505 2619 1676 2653 inscribit
1706 2619 1739 2653 V

320 2685 341 2718 6
358 2684 615 2719 fraternitatem
632 2687 790 2719 nostram
809 2686 915 2729 Chi'ff.
1009 2686 1051 2720 10
1068 2664 1238 2721 heremitis
1264 2688 1285 2728 (t
1311 2697 1358 2719 m.
1382 2688 1418 2729 1)
1452 2687 1490 2729 V,
1515 2686 1685 2720 heremias
1711 2687 1825 2721 codex

332 2742 415 2775 Veii.
442 2752 511 2785 qao
538 2742 653 2776 Coleti
676 2743 880 2777 utebantur
904 2746 939 2777 et
964 2743 1070 2786 Chiff.
1209 2743 1249 2777 11
1282 2745 1505 2777 monazontes
1539 2744 1571 2778 V
1595 2745 1671 2787 (em.
1700 2745 1731 2786 v)

327 2798 370 2832 12
397 2810 458 2842 ego
485 2810 549 2834 om.
581 2801 666 2835 Veii.
772 2800 814 2833 14
840 2800 894 2834 cm·
921 2800 1026 2834 etiam
1051 2801 1232 2844 parcerent
1261 2800 1345 2834 Veii.
1438 2800 1539 2833 minis
1571 2800 1654 2834 Ven.
1679 2803 1721 2834 ut
1747 2800 1825 2834 alia

327 2856 496 2892 mendose
588 2856 629 2890 21
656 2856 772 2891 iudaei
797 2867 825 2891 s.
851 2858 872 2892 l.
966 2857 1009 2891 26
1036 2857 1223 2901 scribebat]
1251 2856 1339 2890 dixit
1364 2856 1467 2899 Clziff.

1838 1123 1869 1147 10

1842 1465 1871 1490 15

1842 1814 1874 1838 20

1844 2155 1875 2180 25
