1934 3278
920 615 979 669 ΙΙ.

455 715 550 779 DE
594 716 906 780 REGIBUS
948 716 1434 783 APOSTATIGIS.

251 867 282 908 Ι.
315 865 526 908 Vsitatum
559 866 657 919 quia
687 867 841 908 habere
875 866 1059 920 dignaris
1090 867 1278 916 uerbum,
1320 867 1431 920 quod
1472 868 1580 910 enim
1620 869 1699 911 nisi

196 936 239 976 et
268 934 431 988 integre
463 933 659 976 crederes
693 934 734 976 et
765 935 867 976 haec
909 947 1016 988 quae
1047 934 1158 988 geris
1190 935 1303 977 circa
1335 947 1409 978 nos
1451 935 1529 978 deo
1561 939 1701 980 essent

159 1013 176 1038 ⁵
194 1003 365 1056 placita,
388 1003 472 1045 iam
494 1003 646 1045 fuisses
673 1003 893 1053 extinctus⁷
924 1016 1154 1057 paucorum
1175 1003 1251 1046 tibi
1272 1003 1313 1045 in
1337 1005 1549 1057 apostasia
1574 1006 1698 1059 atque

195 1070 446 1113 crudelitate
479 1070 718 1124 aequalium
757 1083 906 1125 regum
944 1070 1058 1112 facta
1097 1071 1337 1114 desideraui
1375 1085 1576 1125 reserare,
1618 1087 1698 1128 quo

194 1139 326 1192 possit
356 1152 436 1181 uox
463 1140 542 1182 ina
578 1142 653 1182 tua
696 1140 862 1194 sepeliri
895 1153 1002 1194 quae
1043 1140 1178 1182 dicat:
1223 1142 1314 1183 uisi
1352 1141 1558 1184 catholica
1596 1147 1700 1185 esset

194 1208 296 1261 fides
325 1209 466 1260 Arrii,
497 1209 572 1251 hoc
602 1213 661 1251 est
691 1223 798 1263 mea,
831 1210 920 1251 nisi
942 1210 1158 1262 placitum
1189 1213 1291 1252 esset
1320 1210 1396 1252 deo
1438 1211 1546 1264 quod
1575 1211 1700 1253 illam

188 1291 423 1331 persequar
458 1278 585 1332 fidem
621 1292 751 1331 quam
790 1280 936 1320 contra
966 1290 1042 1320 rios
1082 1278 1330 1332 scripserint
1358 1279 1475 1332 apud
1506 1279 1697 1334 Niciam,

142 1368 176 1392 10
195 1360 429 1400 numquam
456 1347 643 1400 profecto
682 1347 819 1389 adhuc
857 1347 907 1388 iri
944 1347 1121 1399 imperio
1151 1347 1357 1399 florerem.
1419 1359 1500 1389 non
1530 1347 1698 1390 illorum

192 1427 340 1469 regum
380 1415 488 1458 facio
527 1415 781 1458 mentionem
823 1415 894 1469 qui
927 1428 950 1456 a
982 1415 1050 1457 dei
1081 1415 1230 1457 notitia
1259 1415 1426 1457 fuerunt
1458 1416 1604 1465 alieni3
1648 1417 1698 1459 de

195 1486 259 1527 his
291 1485 392 1528 solis
430 1485 567 1527 tracto
611 1485 681 1538 qui
719 1485 761 1526 in
794 1484 955 1526 Iudaea
992 1484 1219 1526 noscuntur
1250 1497 1460 1538 regnasse.
1521 1485 1562 1526 in
1593 1485 1698 1527 libro

195 1554 389 1595 Indicum
420 1554 656 1595 inuenimus
688 1552 979 1595 Ierobabelem
1016 1552 1149 1594 filium
1180 1553 1316 1594 Iosiae
1350 1553 1531 1595 electum
1565 1567 1588 1594 a
1620 1554 1697 1596 deo

196 1625 239 1664 et
271 1622 430 1664 dictum
464 1623 522 1664 ei:
554 1622 664 1664 uade
694 1622 743 1663 iri
762 1622 1012 1675 fortitudine
1033 1625 1122 1674 tua,
1154 1625 1190 1663 et
1214 1622 1386 1663 saluum
1404 1623 1537 1675 facies
1560 1622 1700 1665 Israel

144 1711 177 1736 15
195 1691 244 1732 de
266 1705 399 1733 mauu
421 1691 616 1733 Madiae.
646 1704 783 1732 norme
801 1704 885 1733 ecce
905 1691 1024 1732 mitto
1049 1691 1121 1732 te?
1153 1691 1195 1732 et
1215 1690 1342 1732 infra:
1374 1703 1446 1744 eyo
1468 1703 1536 1732 ero
1556 1694 1700 1744 tecum,

197 1763 233 1801 ct
255 1760 468 1812 percuties
489 1759 694 1801 Martiam
725 1758 920 1811 quomodo
950 1771 1084 1800 unum
1105 1758 1330 1800 homiuem.
1364 1771 1488 1812 quem
1510 1759 1698 1800 Madiam

195 1828 380 1882 loquitur
422 1828 628 1882 scriptura
668 1828 864 1869 habuisse
914 1826 1226 1868 multitudinem
1274 1827 1490 1880 tamquam
1531 1839 1699 1868 arenam

198 1897 337 1939 maris.
380 1898 423 1938 at
453 1897 524 1939 ubi
555 1897 729 1950 impleta
769 1896 865 1938 sunt
903 1896 1055 1937 cuncta
1094 1908 1201 1949 quae
1244 1895 1346 1937 deus
1381 1895 1568 1938 Gedeoni
1600 1907 1699 1948 pro-

200 1965 326 2013 misit,
359 1966 430 2008 ubi
462 1979 506 2008 se
540 1966 770 2007 exaltatum
805 1978 853 2007 ex
886 1965 1044 2015 humili,
1085 1964 1390 2017 locupletatum
1421 1976 1471 2006 ex
1502 1977 1697 2018 paupere,

143 2055 177 2079 «ιο
197 2048 340 2089 regem
373 2035 530 2076 factum
562 2034 670 2075 uidit
701 2047 749 2075 ex
780 2033 945 2087 plebeia
976 2033 1226 2082 conditione,
1260 2032 1361 2086 quid
1392 2033 1535 2075 statim
1566 2033 1698 2074 facit?

198 2116 345 2157 nempe
378 2104 482 2145 dicit
513 2104 567 2145 ad
597 2104 820 2157 populum:
852 2103 948 2145 date
977 2102 1082 2144 mihi
1112 2103 1401 2155 uuusquisque
1433 2103 1629 2143 inaurem
1649 2101 1699 2143 dc

192 2173 358 2225 praeda
388 2186 480 2214 sua.
541 2174 614 2225 qui
653 2186 747 2214 cum
777 2172 998 2224 accepisset
1020 2170 1194 2223 pondus
1222 2171 1446 2211 inaurium
1476 2182 1701 2211 aureorum

198 2242 254 2283 ad
292 2240 408 2283 mille
445 2241 725 2294 septinyentos
763 2239 883 2281 siclos
912 2243 1080 2292 praeter
1108 2239 1369 2281 bracchialia
1399 2242 1435 2279 et
1467 2242 1632 2291 torques
1663 2241 1699 2278 et

198 2309 456 2363 operimenta
486 2311 524 2350 et
547 2322 806 2361 purpuram,
838 2321 945 2361 quae
973 2320 1099 2360 super
1129 2320 1240 2361 reyes
1263 2307 1465 2348 Madiam
1496 2309 1631 2357 erant,
1663 2308 1701 2346 et

146 2396 179 2421 25
190 2381 364 2431 praeter
379 2381 541 2430 torques
559 2390 725 2430 aureas,
748 2377 916 2430 quaein
933 2376 1036 2417 collo
1054 2375 1323 2417 camellorum
1341 2374 1697 2425 aduersariorum,

337 2525 378 2560 14
404 2524 510 2559 Iudic.
536 2525 568 2564 6,
597 2524 638 2558 14
735 2524 776 2557 15
802 2523 847 2557 ib.
873 2524 905 2567 6,
934 2523 974 2557 16
1067 2523 1108 2556 ‘21
1136 2521 1182 2556 ib.
1208 2522 1240 2561 8,
1267 2521 1402 2554 24—27

267 2663 412 2698 Imm
439 2674 481 2697 ne
499 2673 619 2697 neom.
639 2670 878 2696 APOSTATICIS
896 2660 941 2722 1,ῒέ
959 2659 983 2694 Ι,
1078 2659 1098 2691 6
1116 2668 1234 2702 regum
1253 2663 1281 2700 (c
1302 2657 1449 2703 ingras.)
1547 2657 1584 2690 11
1607 2667 1702 2691 inen-

198 2731 421 2775 tionemsfssss‘
449 2731 591 2774 (tionem
617 2736 728 2775 eras.)
854 2729 893 2762 14
921 2706 1030 2762 ettam
1158 2726 1200 2760 18
1225 2729 1263 2759 at
1288 2736 1332 2759 cac
1357 2724 1402 2758 ad
1525 2724 1608 2758 hubi

199 2800 240 2833 ‘21
269 2782 353 2833 dati
446 2799 490 2833 ‘23
514 2799 694 2834 brachalia
722 2811 738 2831 ι·
831 2798 874 2832 2-5
901 2808 965 2841 que
1058 2796 1266 2830 camelorum
1290 2806 1309 2828 v

1522 2861 1565 2894 332·
