1934 3278
371 289 456 330 274
1031 287 1232 323 Luciferi

372 421 409 460 et
441 416 788 466 comminuebant,
822 417 858 456 et
888 414 1053 467 reliqua
1080 415 1258 467 pedibus
1288 416 1378 457 suis
1399 417 1683 461 conculcabat.
1718 423 1754 462 et
1776 420 1874 463 haec

371 487 503 528 bestia
532 485 671 526 maior
702 484 845 525 ceteris
876 483 1016 524 bestiis
1047 497 1155 536 quae
1185 487 1314 525 antea
1342 485 1462 526 uisae
1491 490 1604 539 sunt,
1645 490 1683 529 et
1712 502 1874 530 cornua

372 556 509 598 decem
539 555 588 596 ei.
621 557 658 595 et
689 552 960 594 intendebam
990 552 1038 593 in
1070 565 1233 593 cornua
1263 554 1364 606 cius,
1404 557 1443 594 et
1472 568 1557 596 ecce
1588 569 1718 598 cornu
1748 558 1872 599 aliud

371 626 516 666 minus
546 622 735 665 ascendit
766 622 814 662 in
843 621 977 662 medio
1009 634 1165 675 eorum,
1209 625 1245 662 et
1283 623 1373 663 tria
1412 636 1572 665 cornua
1612 639 1719 678 quae
1751 630 1873 668 erant

372 697 471 735 ante
501 693 627 735 illum
659 691 880 732 eradicata
910 693 1010 731 sunt
1039 704 1067 731 a
1097 690 1205 742 facie
1237 691 1339 733 eius.
1372 694 1411 732 et
1438 705 1523 734 ecce
1554 694 1664 735 oculi
1689 694 1874 737 hominis
1908 703 1924 728 ⁵

371 764 419 804 in
448 775 580 804 cornu
610 760 681 801 hoe
712 763 749 801 et
780 772 823 800 os
855 759 1025 811 loquens
1056 773 1224 812 mwaqna.
1256 760 1449 801 uidebam
1471 764 1740 816 quoadusque
1760 765 1874 806 sedes

363 831 530 885 positae
561 832 672 881 sunt,
703 831 742 870 et
771 831 959 869 uetustus
989 827 1155 868 dierum
1185 828 1363 872 sedebat.
1424 831 1601 872 uestitus
1633 832 1721 873 eius
1753 832 1874 874 albus

370 903 417 941 ut
448 900 526 940 nix
557 900 596 939 et
624 897 807 950 capillus
845 897 1001 950 capitis
1039 897 1128 938 eius
1159 900 1207 938 ut
1237 898 1344 939 lana
1374 899 1537 940 munda
1575 903 1610 941 et
1641 903 1755 944 sedes
1784 903 1874 944 eius

367 970 546 1021 flamma
583 967 710 1021 iqnis,
751 969 869 1008 rotae
907 966 995 1007 eius
1025 967 1139 1020 iqnis
1170 968 1337 1009 ardens.
1367 967 1531 1019 fluuius
1567 969 1680 1023 iqnis
1714 971 1876 1012 lucebat

372 1041 469 1080 ante
500 1050 606 1091 eum,
646 1035 771 1076 milia
801 1035 971 1076 milium
1000 1035 1240 1076 seruiebant
1270 1036 1322 1087 ei,
1354 1039 1391 1077 et
1421 1036 1533 1078 dena
1562 1038 1688 1080 milia
1718 1039 1872 1081 denum
1892 1044 1925 1069 1⁰

372 1108 542 1150 milium
573 1105 800 1148 adstabant
833 1107 931 1145 ante
961 1117 1067 1145 eum.
1101 1105 1149 1145 in
1170 1105 1380 1146 iudicium
1401 1106 1521 1160 sedit,
1554 1109 1594 1147 et
1614 1106 1712 1148 libri
1734 1109 1874 1160 aperti

370 1179 482 1219 sunt.
514 1174 709 1217 uidebam
740 1177 839 1216 tunc
869 1188 897 1215 a
927 1186 1023 1216 uoce
1053 1186 1294 1215 sermonum
1329 1188 1578 1228 maqnorum
1608 1189 1709 1228 quos
1741 1190 1873 1218 cornu

371 1246 483 1289 illud
505 1244 760 1298 loquebatur,
793 1244 1063 1296 quoadusque
1083 1243 1252 1284 interiit
1272 1243 1403 1285 bestia
1428 1247 1466 1285 et
1481 1245 1628 1297 periit,
1662 1248 1700 1286 et
1724 1258 1873 1298 corpus

370 1317 460 1357 eius
482 1315 630 1356 datum
651 1316 709 1355 est
729 1315 777 1353 ut
797 1312 1066 1354 conburatur.
1100 1315 1139 1353 et
1158 1312 1423 1365 reliquarum
1444 1314 1675 1355 bestiarum
1695 1328 1871 1369 reqnum

373 1384 634 1426 translatum
656 1384 727 1434 est,
747 1384 786 1422 et
806 1380 1022 1435 lonqitudo
1044 1381 1160 1422 uitae
1180 1381 1287 1422 data
1308 1384 1367 1422 est
1388 1382 1448 1423 eis
1470 1395 1598 1435 usque
1620 1383 1676 1424 ad
1697 1386 1870 1437 tempus.
1892 1391 1922 1417 1⁵

371 1453 567 1496 uidebam
597 1452 646 1492 in
675 1451 820 1491 uisum
850 1450 998 1502 noctis,
1032 1452 1071 1491 et
1100 1462 1186 1491 ecce
1217 1464 1310 1492 cum
1340 1451 1519 1492 nubibus
1551 1451 1657 1493 caeli
1687 1455 1736 1493 ut
1753 1453 1873 1505 filius

372 1522 558 1565 hominis
587 1520 764 1562 ueniens
794 1519 914 1560 uenit
934 1532 1064 1571 usque
1088 1519 1143 1560 ad
1166 1521 1378 1560 uetustum
1399 1520 1576 1561 dierum.
1611 1521 1874 1574 anticipauit

371 1596 408 1635 et
441 1591 604 1633 oblatus
635 1591 692 1630 est
723 1588 762 1630 ei
791 1591 829 1629 et
857 1588 1007 1629 datum
1028 1590 1089 1629 est
1109 1589 1148 1630 ei
1168 1602 1343 1642 reqnum
1363 1592 1401 1630 et
1421 1589 1554 1631 honor
1574 1592 1613 1631 ct
1631 1590 1871 1644 imperium,

372 1665 411 1703 et
442 1672 584 1702 omnes
615 1657 764 1710 populi
802 1657 937 1698 tribus
976 1657 1149 1711 linquae
1185 1658 1381 1699 seruiunt
1410 1659 1462 1709 ei,
1500 1661 1537 1700 et
1560 1662 1746 1711 potestas
1785 1661 1874 1703 eius

368 1733 554 1783 potestas
577 1730 788 1781 perpetua
819 1740 925 1780 quae
957 1740 1192 1779 numquam
1221 1726 1437 1782 transibit,
1468 1730 1508 1768 et
1537 1727 1763 1780 imperium
1784 1730 1873 1772 eius
1891 1741 1923 1767 20

375 1811 610 1851 numquam
642 1799 948 1848 corrumpetur.
980 1795 1151 1836 horruit
1179 1795 1360 1848 spiritus
1389 1808 1503 1837 meus
1535 1797 1582 1837 in
1603 1796 1750 1840 habitu
1771 1812 1871 1851 meo,

371 1871 411 1910 et
439 1881 509 1921 eqo
530 1865 736 1919 Danihel,
770 1867 807 1906 et
828 1865 948 1906 uisus
970 1864 1128 1916 capitis
1152 1864 1235 1905 mei
1257 1864 1531 1905 conturbabat
1553 1878 1626 1907 me.
1659 1869 1698 1907 et
1718 1867 1872 1909 accessi

372 1937 429 1979 ad
466 1949 602 1978 unum
641 1933 1012 1976 circumstantium
1049 1936 1086 1973 et
1127 1933 1349 1974 ueritatem
1389 1934 1638 1985 quaerebam
1668 1935 1719 1976 ab
1750 1949 1793 1977 eo
1823 1936 1873 1977 de

374 2005 570 2047 omnibus
600 2003 680 2045 his.
713 2006 752 2044 et
781 2003 893 2044 dixit
923 2002 1031 2043 mihi
1056 2003 1277 2044 ueritatem
1309 2005 1345 2044 et
1375 2002 1763 2054 interpretationem
1785 2018 1871 2047 ser-

373 2087 544 2116 monum
566 2072 803 2114 declarauit
824 2071 953 2113 mihi:
974 2070 1050 2113 hae
1071 2071 1225 2113 bestiae
1241 2073 1440 2124 quattuor
1459 2085 1652 2127 maynae,
1675 2076 1873 2125 quattuor
1888 2087 1920 2114 ss

373 2156 504 2197 reqna
534 2144 706 2195 surqent
744 2141 793 2182 in
824 2144 939 2182 terra
975 2143 1014 2181 et
1051 2140 1261 2193 accipient
1297 2154 1473 2194 reqnum
1502 2142 1642 2183 sancti
1671 2143 1873 2184 altissimi

372 2211 440 2254 dei
471 2214 509 2253 et
540 2209 778 2252 obtinebunt
809 2223 903 2250 eum
933 2222 1061 2261 usque
1091 2210 1139 2250 in
1169 2209 1394 2251 saeculum.
1427 2212 1463 2250 et
1493 2211 1740 2262 quaerebam
1770 2211 1872 2253 (lili-

370 2283 515 2334 qcnter
535 2279 584 2320 de
605 2279 735 2322 bestia
755 2282 922 2332 quarta,
954 2279 1064 2331 quod
1084 2282 1176 2320 erat
1188 2281 1362 2332 praeter
1383 2281 1539 2320 ceteras
1568 2279 1720 2321 bestias
1740 2280 1870 2321 horri-

372 2349 472 2391 bilis
491 2348 629 2390 ualde.
662 2348 802 2390 dentes
823 2348 911 2389 eius
931 2348 1062 2401 ferrei
1081 2351 1121 2389 et
1139 2361 1299 2401 unques
1318 2347 1407 2389 eius
1433 2348 1557 2400 aerei,
1589 2348 1874 2390 manducabat

373 2421 412 2460 et
428 2418 733 2460 comminuebat
753 2420 792 2459 et
811 2417 976 2471 reliqua
989 2417 1170 2471 pedibus
1191 2419 1280 2459 suis
1301 2417 1580 2459 conculcabat.
1613 2420 1649 2459 ct
1669 2418 1718 2459 de
1740 2430 1871 2459 cornu
1887 2433 1918 2460 ω

373 2487 463 2529 cius
493 2488 664 2542 decimo,
696 2487 805 2540 quod
836 2489 929 2528 erat
957 2487 1006 2528 in
1037 2487 1174 2539 capite
1194 2487 1296 2536 eius,
1328 2486 1435 2527 etde
1456 2486 1588 2528 altero
1615 2500 1745 2527 cornu
1765 2484 1871 2539 quod

373 2557 561 2598 ascendit
605 2559 643 2597 et
673 2556 828 2608 priora
865 2555 954 2596 tria
993 2568 1154 2596 cornua
1192 2555 1389 2607 excussit,
1437 2555 1557 2596 cuius
1605 2554 1714 2596 oculi
1757 2557 1793 2595 ct
1830 2565 1871 2594 os

443 2681 459 2713 1
487 2680 739 2714 conculcabant
770 2681 838 2722 Vv;
863 2691 925 2714 em.
952 2691 995 2714 ca?
1015 2680 1141 2714 Sabat.
1234 2679 1255 2712 3
1275 2679 1361 2712 aliut
1454 2679 1476 2710 4
1495 2689 1558 2721 que
1651 2678 1671 2712 8
1690 2677 1781 2711 sedis

373 2738 393 2770 9
419 2736 542 2770 fluuius
567 2737 675 2780 signis
794 2737 835 2770 13
861 2737 939 2770 illut
1057 2737 1099 2770 14
1124 2736 1332 2771 conburatur
1450 2736 1491 2768 15
1517 2738 1651 2778 tempus
1678 2736 1712 2768 et
1737 2737 1869 2778 tempus

372 2795 467 2828 coni.
498 2794 745 2837 Gallandius;
777 2794 846 2832 ἕως
878 2796 1005 2838 καιροῦ
1038 2794 1098 2827 καὶ
1122 2795 1250 2837 καιροῦ
1276 2793 1391 2827 LXX
1532 2792 1573 2825 19
1599 2792 1752 2826 scruient
1778 2791 1867 2826 coni.

378 2850 492 2894 (iall.;
517 2851 751 2884 δουλεύσουσι
775 2852 891 2885 LXX
992 2851 1034 2884 20
1059 2850 1202 2884 trasibit
1295 2851 1337 2884 26
1364 2851 1507 2893 surgent
1532 2860 1575 2883 erc
1601 2851 1682 2882 sunt
1707 2859 1798 2883 corr.
1823 2859 1868 2881 m.
1923 2873 1929 2879 .

376 2911 392 2940 1
488 2907 530 2940 ‘27
557 2907 613 2941 dei
638 2909 696 2943 hic
722 2913 755 2943 ct
781 2909 886 2951 infra
913 2920 991 2953 emp.
1013 2909 1194 2942 Lati-nius
1289 2918 1365 2941 eum
1389 2908 1427 2950 V,
1453 2906 1538 2941 illud
1566 2918 1583 2939 ι·
1679 2906 1722 2939 ‘29
1749 2905 1867 2939 dentes

372 2976 404 2999 el
430 2976 448 2999 v
542 2975 666 3008 unguls
