1934 3278
292 263 350 305 44
945 260 1144 295 Luciferi

301 388 489 438 scamini,
524 388 598 429 sed
631 388 671 429 et
703 388 838 429 adhuc
873 386 1050 428 eundem
1092 387 1132 428 in
1175 387 1306 428 seruis
1347 387 1435 428 eius
1466 386 1789 440 persequamini,

296 458 542 511 religionem
576 457 663 498 eius
694 456 844 498 tollere
872 456 1087 509 cupientes
1120 469 1140 497 e
1173 455 1323 496 medio.
1387 455 1498 508 quod
1528 455 1589 497 ita
1621 468 1711 498 esse
1746 467 1793 496 ex

297 527 419 568 istius
449 527 561 580 regis
593 538 797 579 cognosce
831 525 940 566 facto
970 525 1219 575 Hieroboae,
1269 524 1338 577 qui
1382 537 1477 566 cum
1516 525 1641 566 fuerit
1680 525 1793 566 filius

296 595 488 646 ancillae,
522 608 617 637 cum
650 607 693 636 se
723 594 983 636 meminisset
1006 594 1142 635 ortum
1166 594 1215 635 de
1238 593 1473 644 meretrice,
1498 606 1593 635 cum
1614 605 1790 648 regnum

295 664 505 717 acceperit
539 664 691 706 domini
725 663 787 704 sui
821 663 1053 705 Salomonis
1084 663 1124 703 in
1158 662 1423 715 obprobrium
1456 662 1644 704 eiusdem
1668 662 1791 705 Salo·
1834 670 1849 694 ⁵

292 733 440 783 monis,
473 745 546 775 cur
579 732 917 789 de<re>linquens
950 731 1072 773 deum
1096 731 1150 772 ad
1171 730 1285 773 idola
1308 731 1441 772 semet
1462 731 1649 782 uerterit,
1683 744 1791 781 cum,

292 802 475 855 inquam,
495 802 666 843 sciuerit
689 801 766 842 sibi
787 813 963 854 regnum
988 800 1131 841 datum
1155 813 1178 841 a
1201 799 1278 842 deo
1301 800 1548 851 Hieroboas,
1572 801 1792 854 propterea

296 870 406 923 quod
439 870 634 912 Salomon
669 869 858 911 dominus
893 869 980 910 eius
1002 869 1116 910 idola
1138 869 1287 910 fuisset
1309 870 1491 919 secutus,
1524 870 1664 910 tamen
1688 870 1789 911 haec

294 939 432 980 omnia
465 939 622 980 ducens
654 951 726 993 pro
758 938 886 980 nihilo
919 938 1123 992 cogitauit
1151 938 1267 980 idola
1297 939 1449 988 facere,
1493 939 1534 980 et
1564 939 1665 992 ipsis
1697 952 1792 980 cum

295 1008 406 1049 omni
449 1008 601 1061 populo
644 1008 712 1061 qui
756 1007 832 1049 deo
872 1008 1083 1049 seruiebat
1123 1020 1213 1049 esse
1252 1008 1516 1060 mancipatus
1558 1020 1681 1061 quam
1716 1008 1793 1050 deo

293 1077 403 1127 uiuo,
448 1077 517 1130 qui
555 1077 676 1118 illum
718 1089 765 1117 ex
805 1076 993 1118 mulieris
1033 1076 1267 1118 meretricis
1308 1075 1394 1118 filio
1426 1076 1585 1118 fecerat
1616 1089 1791 1131 regnum

292 1146 445 1187 habere
479 1146 712 1188 Salomonis
748 1146 904 1187 domini
938 1146 1013 1187 sui.
1074 1159 1124 1187 ne
1156 1146 1297 1199 itaque
1338 1146 1501 1187 mireris
1534 1146 1642 1199 quod
1675 1146 1794 1188 uobis

291 1214 467 1268 ingratis
489 1215 529 1255 in
551 1215 688 1268 ipsum
711 1215 1049 1268 delinquentibus
1070 1215 1228 1268 parcat,
1254 1215 1328 1256 sed
1344 1215 1450 1256 illud
1471 1216 1613 1257 hortor
1629 1216 1791 1266 uideas,

293 1284 416 1337 quod,
449 1285 569 1325 tarde
600 1284 712 1334 licet,
757 1285 790 1326 si
831 1284 872 1325 in
904 1285 982 1325 hac
1014 1284 1088 1325 tua
1118 1284 1322 1326 manseris
1364 1284 1563 1337 nequitia,
1607 1285 1662 1326 sis
1694 1299 1792 1338 per-

292 1353 488 1405 cepturus
523 1366 572 1394 ea
611 1366 716 1406 quae
758 1365 900 1394 omnes
931 1353 972 1394 in
996 1353 1216 1406 sacrilegio
1238 1353 1514 1406 perceperunt
1534 1354 1790 1406 praedeces-

293 1434 406 1463 sores
437 1421 511 1463 tui.
546 1422 760 1464 hortamur
793 1422 839 1464 ut
868 1423 1001 1463 temet
1030 1422 1160 1463 tantis
1194 1434 1217 1462 a
1245 1422 1367 1463 malis
1402 1422 1561 1475 eripere
1595 1422 1791 1475 digneris.

293 1490 335 1530 et
368 1503 410 1531 es
433 1491 589 1532 habens
620 1492 861 1547 <exempla>
886 1492 1067 1544 insuper,
1101 1503 1179 1532 non
1200 1491 1247 1532 tu
1269 1491 1426 1544 primus
1446 1491 1564 1532 facis.
1599 1491 1791 1532 uidemus

292 1559 419 1600 etiam
451 1559 578 1600 istum
617 1560 871 1602 Hieroboam
911 1560 1275 1601 commonitionem
1319 1560 1474 1601 domini
1515 1560 1680 1601 duxisse
1721 1572 1793 1613 pro

291 1627 432 1669 nihilo.
465 1631 502 1669 et
521 1629 683 1681 factum
704 1633 774 1684 est,
805 1629 952 1683 inquit,
986 1630 1035 1671 iri
1055 1633 1237 1682 tempore
1260 1629 1348 1679 ill0‚
1372 1633 1408 1670 et
1431 1629 1664 1671 Hieroboas
1685 1629 1789 1671 exiit

288 1696 338 1738 de
368 1697 652 1751 Hierusalem,
685 1701 723 1740 et
753 1698 920 1740 inuenit
951 1712 1044 1740 eum
1074 1698 1234 1740 Aehias
1265 1697 1465 1740 Silouites
1489 1698 1712 1751 prophetes
1742 1699 1791 1739 iri

289 1765 379 1817 uia,
412 1768 450 1807 et
478 1766 642 1810 Achias
680 1771 846 1820 opertus
885 1770 977 1810 erat
1013 1768 1256 1810 uestimento
1288 1780 1410 1820 nouo,
1452 1770 1489 1809 et
1519 1768 1638 1809 ambo
1670 1770 1793 1808 eraut

287 1833 338 1874 iri
368 1847 528 1888 campo.
561 1838 600 1876 et
629 1836 907 1888 adprehendit
937 1836 1100 1878 Achias
1139 1836 1433 1877 uestimentum
1472 1849 1596 1878 suum
1634 1849 1793 1877 nouum

288 1902 398 1954 quod
443 1915 568 1956 super
612 1917 654 1946 se
698 1904 873 1946 babebat
912 1908 948 1946 et
988 1905 1154 1957 dirupit
1191 1904 1302 1947 illud
1341 1904 1557 1946 duodecim
1596 1905 1792 1946 scissuris

288 1973 327 2011 et
356 1971 471 2013 dixit
499 1972 555 2013 ad
587 1972 858 2015 Hieroboam:
890 1974 1031 2026 accipe
1061 1974 1138 2015 tibi
1169 1973 1305 2015 decem
1336 1974 1557 2027 scissuras,
1591 1975 1792 2026 quoniam

291 2038 391 2081 haee
421 2041 526 2082 dicit
555 2042 754 2083 domiuus
785 2042 885 2084 deus
914 2042 1078 2084 Israel:
1126 2055 1212 2084 ecoe
1252 2055 1320 2097 eqo
1360 2043 1576 2095 disrumpo
1614 2056 1791 2097 reyuum

289 2108 339 2149 de
360 2122 493 2151 marcu
515 2110 772 2163 Salomonis,
806 2115 844 2153 et
864 2112 970 2154 dabo
993 2112 1070 2153 tibi
1091 2112 1227 2154 decem
1247 2115 1435 2165 seeptra;
1466 2116 1503 2154 et
1523 2113 1604 2154 duo
1625 2113 1791 2166 sceptra

290 2179 415 2218 erunt
445 2177 512 2219 illi
533 2183 711 2233 propter
740 2194 909 2223 seruum
938 2195 1075 2223 meum
1106 2180 1258 2223 Dauid
1279 2185 1316 2223 et
1329 2184 1505 2235 propter
1522 2183 1792 2224 Hierusalem

289 2246 516 2300 ciuitatem,
549 2262 677 2301 quam
707 2251 811 2304 eleyi
842 2264 891 2292 ex
922 2250 1114 2291 omnibus
1146 2250 1335 2292 tribubus
1355 2251 1508 2301 Israel,
1538 2265 1619 2304 pro
1640 2251 1791 2304 quibus

289 2316 513 2369 dereliquit
541 2329 604 2357 me
634 2316 850 2370 Salomom
884 2320 921 2358 et
949 2318 1048 2371 feeit
1079 2316 1249 2360 Astarte
1281 2318 1390 2359 idolo
1421 2318 1627 2359 inmundo
1658 2317 1791 2372 Sydo-

288 2384 460 2426 riiorum
492 2388 528 2426 et
561 2385 694 2428 Cama
725 2385 838 2427 idolo
861 2386 993 2428 Moab
1025 2389 1064 2427 et
1091 2388 1178 2440 reyi
1210 2400 1350 2428 eorum
1380 2387 1581 2440 reliyioni
1601 2386 1791 2439 filiorum

428 2568 469 2601 19
494 2568 544 2601 ΠΙ
568 2569 650 2613 Reg.
680 2569 733 2610 11,
760 2568 894 2603 29—38

358 2749 379 2783 6
404 2748 607 2793 delinquens
633 2750 693 2791 Vv,
720 2749 962 2795 derelinquens
981 2751 1174 2791 Latinius,
1202 2750 1407 2796 delinquens
1425 2752 1460 2784 in
1481 2751 1566 2795 Col„
1590 2753 1789 2797 relinquens

287 2808 376 2850 fort.
480 2806 522 2840 13
548 2808 640 2840 ortor
664 2818 707 2841 m.
735 2811 753 2841 1
850 2808 892 2841 15
916 2808 1175 2852 prodecessores
1207 2809 1246 2852 V,
1271 2819 1334 2843 em.
1361 2820 1381 2843 v
1482 2808 1524 2842 17
1551 2809 1707 2872 exbempla
1731 2811 1791 2844 uel

289 2877 363 2911 tale
389 2875 478 2919 quid
504 2868 685 2910 accidisse
710 2876 864 2911 uidetur
957 2877 1001 2910 24
1027 2877 1214 2911 heroboam
1238 2888 1282 2911 m.
1309 2880 1327 2911 1
1423 2876 1466 2910 28
1492 2868 1608 2911 omni'

1818 1019 1851 1042 10

1816 1366 1848 1392 15

1815 1708 1847 1733 20

1814 2049 1847 2075 25

1811 2393 1846 2418 30
