1934 3278
278 235 361 277 208
650 231 799 266 Luciferi
825 231 867 265 de
893 232 1014 265 sancto
1041 229 1236 264 Athanasio
1262 228 1352 262 liber
1375 227 1417 262 II.

280 359 350 400 hoc
381 358 485 411 quia
516 358 624 399 iusto
658 357 723 398 lex
753 369 840 398 non
869 358 930 397 est
951 355 1100 408 posita
1110 370 1126 408 ,·
1162 354 1336 395 iniustis
1375 356 1516 395 autem
1555 356 1593 395 et
1623 354 1784 395 inoboe-

282 427 495 469 dientibus
517 429 555 468 et
575 426 725 479 impiis
745 428 781 466 et
795 423 1089 478 peccatoribus
1111 426 1147 465 et
1168 422 1345 465 scelestis
1366 425 1403 463 et
1412 422 1629 475 profanis,
1644 423 1781 476 patri·

282 495 390 536 cidis
419 498 457 536 et
488 494 741 543 matricidis,
775 492 1011 546 homicidis,
1043 492 1274 546 inpudicis,
1315 491 1602 533 masculorum
1632 504 1785 532 concu-

279 563 494 616 bitoribus,
528 562 779 617 playiariis,
821 561 1103 614 mendacibus,
1139 561 1329 614 periuris
1367 563 1406 602 et
1441 560 1479 601 si
1516 559 1619 613 quid
1661 558 1785 601 aliud

281 644 413 673 sanae
444 631 661 673 doctrinae
701 630 968 682 aduersatar,
1010 644 1117 683 quae
1154 633 1212 672 est
1249 629 1476 672 secundum
1518 628 1786 682 euanyelimn

278 699 439 752 yloriae
469 700 576 741 beati
607 700 675 741 dei
706 700 817 753 quod
847 699 1051 741 creditum
1091 703 1148 741 est
1178 698 1298 740 mihi.
1360 701 1398 740 et
1433 698 1600 752 qratias
1639 710 1716 751 ayo
1749 697 1787 738 ei

277 769 351 820 qui
390 769 649 821 confortauit
694 781 757 809 me
798 767 965 810 Christo
1007 768 1107 809 Icsn
1153 767 1335 819 domino,
1384 767 1494 819 quod
1530 765 1693 819 fidelem
1723 778 1787 806 me

281 837 540 891 aestimauit,
580 849 745 890 ponens
783 837 831 877 in
872 837 1161 878 ministerium
1200 836 1273 889 qui
1304 836 1435 889 prius
1474 834 1641 888 fueram
1672 834 1784 876 blas-

278 905 456 958 phemus
494 909 530 947 et
554 909 798 959 persecutor
837 908 877 947 et
914 906 1179 957 iniuriosus;
1215 905 1287 947 scd
1323 904 1657 946 misericordiam
1692 916 1786 945 sum

276 977 532 1026 consecutus,
570 975 683 1028 quod
712 975 917 1028 ignorans
953 974 1035 1027 feci
1073 974 1122 1015 in
1152 973 1460 1015 incredulitate.
1523 971 1785 1025 superabun-

276 1043 399 1085 dauit
436 1046 576 1084 autem
608 1044 756 1097 qratia
786 1043 951 1085 domini
983 1042 1118 1084 nostri
1141 1055 1233 1084 cum
1252 1042 1334 1095 fide
1355 1044 1392 1084 et
1417 1041 1648 1093 dilectione,
1680 1048 1786 1093 quae

276 1114 338 1153 cst
371 1111 418 1152 in
456 1111 624 1154 Christo
657 1111 772 1153 Iesu.
805 1111 866 1152 ita
899 1112 940 1152 et
969 1112 1016 1152 tu
1050 1123 1097 1152 ex
1128 1110 1408 1164 persecutore,
1443 1122 1490 1151 ex
1511 1109 1710 1150 iniurioso
1745 1111 1786 1151 et

276 1179 521 1233 blasphemo
553 1180 703 1222 beatus
737 1181 779 1222 et
809 1193 908 1222 uere
942 1180 1019 1222 deo
1052 1180 1295 1222 carissimus
1329 1178 1438 1220 effici
1468 1179 1638 1232 poteris,
1673 1179 1707 1220 si
1738 1179 1784 1220 ut

276 1248 434 1290 Paulus
464 1249 614 1290 beatus
646 1261 796 1290 uerum
829 1249 896 1291 dei
927 1248 1059 1290 filium
1103 1261 1194 1290 esse
1226 1250 1366 1290 Iesum
1399 1248 1611 1290 Christum
1643 1248 1782 1290 credi-

277 1316 403 1366 deris,
453 1317 487 1358 si
529 1329 692 1370 semper
732 1318 853 1359 illum
892 1330 987 1359 cum
1026 1318 1144 1371 patre
1186 1329 1384 1371 regnasse
1417 1329 1464 1358 ac
1497 1318 1782 1370 regnaturum,
1830 1335 1835 1347 ι

275 1386 353 1427 hoc
389 1386 453 1427 est
485 1385 573 1427 sine
604 1386 723 1428 initio
749 1386 791 1428 et
813 1387 900 1428 sine
922 1386 1003 1427 fine
1026 1387 1241 1428 confessus
1263 1385 1404 1436 fueris,
1436 1386 1471 1427 si
1494 1399 1619 1427 unam
1642 1387 1782 1428 aeter-

275 1454 451 1495 nitatem
483 1455 636 1497 habere
667 1456 830 1509 patrem
864 1456 905 1497 et
936 1455 1069 1496 filium
1103 1455 1144 1496 et
1166 1455 1571 1509 spiritum'fsanctum
1593 1455 1782 1496 claman-

273 1522 387 1564 tibus
423 1524 554 1565 sacris
586 1523 804 1577 scripturis
836 1536 915 1565 non
946 1524 1165 1574 restiteris,
1199 1523 1234 1565 si
1268 1524 1446 1577 denique
1478 1537 1604 1565 unam
1626 1525 1781 1566 habere

277 1591 481 1633 deitatem
519 1593 683 1646 patrem
716 1605 763 1634 ac
803 1593 936 1635 filium
978 1594 1019 1635 et
1065 1593 1255 1647 spiritum
1294 1594 1487 1636 sanctum
1533 1593 1782 1641 credideris3

275 1660 402 1702 crede
433 1661 536 1702 mihi
577 1661 688 1715 quod
718 1661 884 1703 futurus
916 1662 974 1704 sis
1004 1662 1045 1703 in
1077 1663 1201 1704 choro
1234 1663 1568 1716 patriarcharum
1606 1663 1782 1716 prophe-

275 1729 413 1770 tarum
455 1729 737 1783 apostolorum
778 1742 825 1771 ac
864 1731 1114 1786 martyrum,
1164 1731 1346 1784 alioquin
1385 1731 1461 1772 tibi
1502 1731 1781 1784 inputaturus,

275 1809 371 1838 cum
391 1798 433 1839 te
455 1798 640 1852 torqueri
662 1811 757 1840 cum
781 1798 947 1841 diabolo
971 1800 1012 1841 et
1038 1800 1228 1842 omnibus
1251 1799 1504 1841 satellitibus
1527 1800 1615 1841 eius
1637 1799 1780 1842 uidere

275 1866 475 1919 coeperis,
516 1879 589 1908 cur
634 1868 709 1909 has
749 1868 838 1910 tam
870 1868 1059 1910 salubres
1093 1868 1449 1925 admoni<ti>ones
1496 1868 1660 1910 nostras
1703 1868 1780 1910 de-

279 1946 475 1988 spexerls.

341 2071 363 2104 2
380 2072 560 2116 parricidis
578 2084 598 2108 v
692 2073 713 2106 4
732 2073 805 2117 quit
898 2072 941 2107 23
960 2074 1089 2118 ceperis
1184 2072 1409 2108 admoniones
1495 2083 1542 2108 DE
1560 2082 1780 2108 ATHANASIO

274 2128 340 2175 m}
394 2150 568 2176 EXPLICIT

1824 636 1838 660 5

1806 977 1837 1001 10

1802 1667 1835 1692 20
