1934 3278
270 279 407 308 XXIIII

273 391 430 431 tueris
465 389 744 441 (coustituerit
773 387 839 442 V),
883 388 967 429 loco
1010 388 1205 430 catholici
1245 389 1410 430 miseris
1446 390 1771 444 coiisacrileyum

273 462 390 499 tuum
417 457 649 510 Georgium,
683 469 788 509 quae
812 455 1001 497 Latinius
1031 456 1204 498 liberius
1235 456 1475 499 immutauit
1507 459 1589 500 loeo
1621 460 1650 501 i.
1682 460 1769 501 iui-

272 540 403 579 quum
431 526 541 567 uilze'l
572 526 731 567 ueritus
762 526 997 566 restitueris
1027 537 1102 566 nec
1134 526 1268 574 recte3
1302 538 1398 566 nam
1430 526 1480 567 de
1511 527 1770 569 restituendo

275 594 454 648 Georgio
476 607 553 635 non
578 593 790 647 agebatur.
814 619 868 622 —
891 593 930 643 4,
968 593 1018 634 15
1050 594 1095 635 icl
1125 594 1234 646 quod
1265 608 1358 648 erqo
1390 595 1601 637 intendere
1633 609 1770 649 coepe—

271 677 419 704 ramus
450 677 528 715 quo
552 663 728 715 penitus
750 663 963 715 possimus
988 665 1233 717 (possumus
1255 663 1309 715 V)
1337 664 1563 715 perducere
1594 665 1650 706 acl
1672 678 1771 718 pro-

272 732 489 784 bationem,
515 731 669 784 leyistc's
690 731 811 772 (lcum
834 731 1000 771 dixisse.
1035 730 1093 771 sic
1120 731 1234 771 recte
1260 731 1392 773 Tilius
1424 731 1519 781 265,
1545 732 1597 773 15
1618 747 1696 785 quo
1719 759 1773 763 —-

263 800 456 853 possint
490 802 683 853 (possunt
715 800 783 851 V).
835 798 1000 840 Lucifer
1048 798 1156 839 enim
1199 799 1310 840 amat
1349 814 1427 852 quo
1466 800 1557 841 1000
1597 804 1642 842 ut
1679 802 1772 842 ante

270 869 424 910 formas
466 868 581 909 uerbi
615 882 736 920 posse
778 867 973 909 adhibere
1017 868 1058 908 et
1089 880 1184 908 cum
1215 869 1388 920 penitus
1420 868 1669 922 coniungere
1704 869 1772 924 (cf.

269 937 353 978 ind.
393 950 430 990 p.
464 937 587 989 373);
635 951 663 977 u
695 936 736 977 et
768 937 782 977 i
821 949 920 977 uero
961 936 1126 990 saepius
1165 936 1389 986 fluctuant;
1437 937 1487 978 cf.
1528 937 1566 987 9,
1608 938 1662 979 29
1701 939 1772 980 ab-

271 1029 426 1077 stile'sti‚
460 1027 555 1079 303,
584 1029 633 1070 15
655 1011 781 1095 dicat,
805 1029 900 1080 250,
926 1029 976 1070 17
1004 1011 1231 1071 condicant
1254 1029 1322 1085 (cf.
1347 1031 1442 1080 254,
1468 1032 1509 1083 1>
1542 1031 1683 1084 itaque
1709 1033 1772 1083 16,

274 1111 326 1151 18
357 1110 468 1150 unde
498 1113 533 1150 et
569 1110 820 1163 fuyieuclum
859 1110 1060 1151 duximus
1093 1111 1299 1164 (discimus
1330 1110 1384 1162 V)
1417 1114 1454 1152 tc
1486 1125 1535 1153 ac
1567 1114 1658 1153 tuos
1688 1112 1772 1153 La-

271 1184 418 1234 tinius,
482 1183 575 1234 190,
625 1182 677 1224 10
727 1185 821 1237 quis
870 1184 987 1225 homo
1039 1185 1106 1226 clei
1157 1185 1437 1227 sacerdotibus
1487 1187 1775 1239 imponendam

273 1254 432 1294 (luxisti
475 1253 642 1307 (cliscisti
673 1252 728 1305 V)
770 1254 1056 1294 necessitatem
1099 1265 1178 1294 non
1221 1253 1308 1294 sine
1345 1254 1639 1307 probabilitate
1689 1257 1774 1307 ipse

274 1321 445 1363 conieci.
495 1322 620 1363 etiam
652 1322 750 1372 277,
771 1322 823 1363 21
858 1325 893 1363 te
921 1323 1177 1375 superiorem
1202 1323 1363 1364 ducere
1387 1324 1540 1377 (dicere
1560 1325 1614 1377 V)
1639 1325 1774 1378 magis

273 1390 470 1443 placeret.
517 1417 571 1421 —
617 1392 655 1442 8,
705 1391 756 1433 31
808 1392 846 1432 si
895 1391 1105 1433 uobiscum
1153 1392 1361 1433 Arrianis
1422 1406 1587 1445 precem
1637 1393 1774 1445 fudis-

272 1472 420 1514 semus,
457 1461 494 1501 si
525 1461 699 1513 (lenique
727 1461 869 1513 passi
901 1467 1067 1513 (passos
1098 1461 1152 1514 V>
1187 1475 1260 1502 uos
1289 1462 1514 1514 fuissemus
1546 1463 1689 1502 onmia
1720 1487 1775 1492 -—

273 1528 485 1583 celebrare,
530 1541 635 1582 quae
674 1529 869 1582 corrupta
910 1542 999 1571 esse
1041 1530 1249 1571 neminem
1279 1530 1438 1571 uidisse
1474 1530 1562 1571 iure
1594 1530 1770 1572 mireris.

272 1598 423 1639 melius
458 1597 583 1639 etiam
615 1598 683 1648 24,
710 1599 756 1639 11
793 1597 1044 1640 scriberetur
1066 1600 1240 1652 (limium
1263 1602 1364 1640 esset
1393 1600 1528 1652 muyis
1554 1613 1628 1640 uos
1648 1600 1775 1653 filios

275 1667 373 1720 (filii
397 1667 446 1719 V)
481 1667 722 1708 aduersarii
752 1668 887 1708 nostri
919 1670 1189 1722 conyreyatos
1220 1668 1267 1709 in
1297 1681 1431 1708 unum
1461 1668 1600 1709 uideri
1631 1671 1666 1708 et
1698 1681 1774 1708 iios

274 1739 421 1778 contra
452 1736 606 1777 milites
630 1735 791 1778 Christi
822 1737 869 1777 in
894 1751 1041 1790 uuum,
1074 1735 1149 1778 sed
1172 1736 1313 1777 durius
1338 1736 1462 1778 etiam
1487 1749 1577 1778 csse
1601 1737 1773 1789 apparet

275 1805 386 1857 quod
418 1805 484 1854 32,
517 1805 571 1846 30
601 1805 774 1858 legitur:
807 1806 935 1857 uobis,
969 1806 1283 1847 aduersarii
1314 1806 1379 1847 dci
1401 1806 1632 1858 reliyionis,
1664 1805 1776 1846 serui

277 1874 438 1915 Christi
482 1878 754 1926 potueramus
800 1887 882 1915 esse
928 1875 1150 1926 coniuncti,
1204 1874 1321 1915 cuius
1367 1874 1460 1915 1000
1512 1874 1776 1915 aduersariis

276 1942 504 1995 exspectes.
536 1968 591 1972 —-
628 1942 689 1992 18,
727 1943 776 1983 12
807 1943 867 1984 sic
901 1943 1104 1984 Marcion
1134 1956 1174 1983 se
1207 1943 1482 1997 (marcionem
1502 1943 1557 1995 V)
1592 1942 1776 1983 excisum

267 2012 449 2063 proiecit
480 2012 552 2063 qui
582 2012 768 2053 uoluerit
799 2013 866 2054 dei
905 2013 1044 2066 filium
1075 2012 1286 2053 homiuem
1316 2012 1540 2064 suscepisse
1569 2011 1773 2063 confiteri.

273 2079 317 2120 id
359 2080 467 2121 enim
505 2080 639 2122 lenius
680 2082 742 2122 est
779 2081 1025 2130 remedium,
1069 2093 1193 2133 quam
1232 2092 1379 2121 uocem
1419 2079 1588 2121 ecclesia
1621 2078 1774 2120 addere

278 2149 565 2202 (Ilffarciouem
596 2149 765 2191 ecclesia
788 2150 984 2202 proiecit)
1027 2149 1099 2189 aut
1131 2148 1335 2201 supplere,
1375 2147 1493 2188 cuius
1526 2147 1576 2188 de
1611 2147 1771 2188 actione

275 2217 378 2258 nihil
421 2217 578 2258 dictum
620 2218 695 2259 est.
748 2218 936 2272 sequitur
977 2217 1104 2258 etiam
1134 2216 1161 2257 l.
1198 2218 1250 2257 14
1280 2218 1339 2257 sic
1371 2217 1531 2257 excisus
1564 2219 1623 2263 est
1653 2219 1775 2268 atque

276 2286 456 2328 abiectus
486 2287 683 2336 Paullus,
724 2286 941 2340 praecedit
969 2286 996 2326 l.
1031 2287 1057 2327 5
1094 2286 1155 2327 sic
1194 2286 1370 2338 iuquam
1404 2287 1537 2326 sectus
1567 2287 1626 2326 est
1655 2287 1777 2337 atque

270 2357 482 2407 proiectus
514 2359 610 2397 tuus
641 2357 843 2410 magister
873 2357 1033 2398 Arrius
1065 2356 1106 2397 et
1141 2355 1205 2406 17,
1238 2354 1291 2395 27
1323 2354 1497 2396 secuisse
1526 2367 1568 2394 se
1595 2353 1776 2394 Arrium

276 2427 315 2465 et
338 2425 573 2475 proiecisse.
607 2450 662 2455 —
693 2425 760 2475 66,
794 2425 845 2466 21
890 2438 983 2466 cum
1014 2425 1146 2478 iyitur
1177 2423 1419 2465 huiusmodi
1448 2422 1631 2475 formam
1661 2422 1776 2463 iuoli-

275 2493 401 2533 caudi
447 2494 604 2534 dedisse
644 2494 767 2535 deum
812 2494 1084 2535 aduerteris
1133 2494 1372 2547 (aduertens
1403 2490 1452 2541 V,
1486 2491 1685 2532 aduertas
1715 2492 1773 2545 v),

277 2575 369 2601 cum
389 2585 444 2590 -—
467 2561 688 2614 colleyeris,
722 2561 832 2615 quod
853 2575 920 2603 me
951 2561 1066 2603 recte
1099 2561 1344 2603 emendasse
1376 2559 1623 2601 confirmant
1655 2559 1773 2600 simi-

276 2628 339 2670 les
382 2629 641 2681 corruptelae
685 2629 777 2680 180,
818 2630 870 2671 10
909 2631 1204 2682 conuiuceiis,
1249 2629 1361 2683 quod
1398 2628 1440 2669 in
1480 2628 1776 2669 conuinceres

277 2702 452 2752 mutaui,
485 2715 534 2742 ne
568 2703 779 2744 enuntiato
812 2717 933 2745 suum
964 2705 1139 2746 uerbum
1172 2703 1349 2754 deesset,
1384 2703 1425 2744 et
1458 2701 1550 2752 166,
1574 2701 1628 2742 29
1662 2702 1775 2743 iudi-

277 2776 403 2844 car'ls,
438 2808 562 2848 quam
592 2808 714 2837 man„
733 2809 815 2838 rec,
849 2797 1038 2838 correxit.
1062 2822 1117 2828 —
1139 2797 1205 2848 74,
1237 2798 1255 2837 1
1289 2799 1325 2837 et
1354 2795 1454 2836 haec
1485 2795 1592 2836 olicis
1622 2794 1776 2835 diuina

278 2874 485 2916 mandata
536 2876 753 2918 calcando
801 2878 1025 2932 (calcanda
1071 2878 1152 2931 V).·
1201 2877 1407 2930 ‘suscipite
1455 2866 1775 2917 idololatriam'.
