<?xml version="1.0" encoding="UTF-8"?>
<!DOCTYPE html PUBLIC "-//W3C//DTD XHTML 1.0 Transitional//EN"
    "http://www.w3.org/TR/xhtml1/DTD/xhtml1-transitional.dtd">
<html xmlns="http://www.w3.org/1999/xhtml" xml:lang="en" lang="en">
 <head>
  <title>
</title>
<meta http-equiv="Content-Type" content="text/html;charset=utf-8" />
  <meta name='ocr-system' content='tesseract 3.04.00' />
  <meta name='ocr-capabilities' content='ocr_page ocr_carea ocr_par ocr_line ocrx_word'/>
</head>
<body>
  <div class='ocr_page' id='page_1' title='image "./corpusscriptorum14luciuoft_0357.png"; bbox 0 0 1934 3278; ppageno 0'>
   <div class='ocr_carea' id='block_1_1' title="bbox 553 246 1609 293">
    <p class='ocr_par' dir='ltr' id='par_1_1' title="bbox 553 246 1609 293">
     <span class='ocr_line' id='line_1_1' title="bbox 553 246 1609 293; baseline 0.008 -13"><span class='ocrx_word' id='word_1_1' title='bbox 553 246 774 280; x_wconf 84' lang='lat' dir='ltr'>Moriendum</span> <span class='ocrx_word' id='word_1_2' title='bbox 801 257 875 281; x_wconf 85' lang='lat' dir='ltr'>esse</span> <span class='ocrx_word' id='word_1_3' title='bbox 900 258 960 291; x_wconf 88' lang='lat' dir='ltr'>pro</span> <span class='ocrx_word' id='word_1_4' title='bbox 987 247 1043 282; x_wconf 80' lang='lat' dir='ltr'>dei</span> <span class='ocrx_word' id='word_1_5' title='bbox 1068 248 1151 283; x_wconf 87' lang='lat' dir='ltr'>filio.</span> <span class='ocrx_word' id='word_1_6' title='bbox 1525 251 1609 293; x_wconf 81' lang='lat'>305</span> 
     </span>
    </p>
   </div>
   <div class='ocr_carea' id='block_1_2' title="bbox 40 373 1607 2491">
    <p class='ocr_par' dir='ltr' id='par_1_2' title="bbox 40 373 1607 2491">
     <span class='ocr_line' id='line_1_2' title="bbox 92 373 1605 430; baseline 0.002 -14"><span class='ocrx_word' id='word_1_7' title='bbox 92 388 257 429; x_wconf 87' lang='lat' dir='ltr'>parare</span> <span class='ocrx_word' id='word_1_8' title='bbox 288 375 429 430; x_wconf 72' lang='lat' dir='ltr'>filium</span> <span class='ocrx_word' id='word_1_9' title='bbox 456 375 590 428; x_wconf 79' lang='lat' dir='ltr'>patri.</span> <span class='ocrx_word' id='word_1_10' title='bbox 644 375 811 415; x_wconf 79' lang='lat' dir='ltr'>auteur</span> <span class='ocrx_word' id='word_1_11' title='bbox 843 373 1057 415; x_wconf 89' lang='lat' dir='ltr'>dominum</span> <span class='ocrx_word' id='word_1_12' title='bbox 1081 374 1236 416; x_wconf 81' lang='lat' dir='ltr'><strong>dixisse</strong></span> <span class='ocrx_word' id='word_1_13' title='bbox 1260 375 1498 418; x_wconf 80' lang='lat' dir='ltr'>arbitraris:</span> <span class='ocrx_word' id='word_1_14' title='bbox 1531 380 1605 430; x_wconf 81' lang='lat' dir='ltr'>qui</span> 
     </span>
     <span class='ocr_line' id='line_1_3' title="bbox 100 443 1605 499; baseline 0.001 -13"><span class='ocrx_word' id='word_1_15' title='bbox 100 457 163 486; x_wconf 85' lang='lat' dir='ltr'>me</span> <span class='ocrx_word' id='word_1_16' title='bbox 192 445 304 487; x_wconf 88' lang='lat' dir='ltr'>uidit</span> <span class='ocrx_word' id='word_1_17' title='bbox 335 444 450 486; x_wconf 77' lang='lat' dir='ltr'>uidit</span> <span class='ocrx_word' id='word_1_18' title='bbox 480 446 518 485; x_wconf 89' lang='lat' dir='ltr'>et</span> <span class='ocrx_word' id='word_1_19' title='bbox 542 446 726 496; x_wconf 89' lang='lat' dir='ltr'>patrem,</span> <span class='ocrx_word' id='word_1_20' title='bbox 758 443 820 484; x_wconf 81' lang='lat' dir='ltr'>et:</span> <span class='ocrx_word' id='word_1_21' title='bbox 853 456 922 497; x_wconf 77' lang='lat' dir='ltr'>eyo</span> <span class='ocrx_word' id='word_1_22' title='bbox 952 447 987 484; x_wconf 68' lang='lat' dir='ltr'>et</span> <span class='ocrx_word' id='word_1_23' title='bbox 1014 447 1141 496; x_wconf 86' lang='lat' dir='ltr'>pater</span> <span class='ocrx_word' id='word_1_24' title='bbox 1169 458 1305 485; x_wconf 86' lang='lat' dir='ltr'>unum</span> <span class='ocrx_word' id='word_1_25' title='bbox 1334 458 1493 499; x_wconf 86' lang='lat' dir='ltr'>sumus,</span> <span class='ocrx_word' id='word_1_26' title='bbox 1525 447 1605 488; x_wconf 87' lang='lat' dir='ltr'>nisi</span> 
     </span>
     <span class='ocr_line' id='line_1_4' title="bbox 101 511 1606 566; baseline 0.001 -12"><span class='ocrx_word' id='word_1_27' title='bbox 101 513 212 566; x_wconf 90' lang='lat' dir='ltr'>quod</span> <span class='ocrx_word' id='word_1_28' title='bbox 243 526 327 554; x_wconf 87' lang='lat' dir='ltr'>una</span> <span class='ocrx_word' id='word_1_29' title='bbox 358 513 413 554; x_wconf 89' lang='lat' dir='ltr'>sit</span> <span class='ocrx_word' id='word_1_30' title='bbox 442 512 630 565; x_wconf 82' lang='lat' dir='ltr'>potentia</span> <span class='ocrx_word' id='word_1_31' title='bbox 660 511 791 565; x_wconf 83' lang='lat' dir='ltr'>patris</span> <span class='ocrx_word' id='word_1_32' title='bbox 825 512 866 552; x_wconf 82' lang='lat' dir='ltr'>et</span> <span class='ocrx_word' id='word_1_33' title='bbox 896 511 1002 554; x_wconf 78' lang='lat' dir='ltr'>filii?</span> <span class='ocrx_word' id='word_1_34' title='bbox 1059 512 1106 553; x_wconf 91' lang='lat' dir='ltr'>tu</span> <span class='ocrx_word' id='word_1_35' title='bbox 1149 512 1267 559; x_wconf 87' lang='lat' dir='ltr'>dicis,</span> <span class='ocrx_word' id='word_1_36' title='bbox 1309 514 1419 566; x_wconf 86' lang='lat' dir='ltr'>quod</span> <span class='ocrx_word' id='word_1_37' title='bbox 1452 515 1606 556; x_wconf 82' lang='lat' dir='ltr'>habeat</span> 
     </span>
     <span class='ocr_line' id='line_1_5' title="bbox 101 580 1605 635; baseline 0.002 -13"><span class='ocrx_word' id='word_1_38' title='bbox 101 582 211 623; x_wconf 89' lang='lat' dir='ltr'>filius</span> <span class='ocrx_word' id='word_1_39' title='bbox 241 581 428 623; x_wconf 86' lang='lat' dir='ltr'>initium:</span> <span class='ocrx_word' id='word_1_40' title='bbox 463 582 505 621; x_wconf 82' lang='lat' dir='ltr'>at</span> <span class='ocrx_word' id='word_1_41' title='bbox 536 593 609 622; x_wconf 92' lang='lat' dir='ltr'>nos</span> <span class='ocrx_word' id='word_1_42' title='bbox 642 580 820 621; x_wconf 75' lang='lat' dir='ltr'>dicimus</span> <span class='ocrx_word' id='word_1_43' title='bbox 852 581 940 622; x_wconf 85' lang='lat' dir='ltr'>sine</span> <span class='ocrx_word' id='word_1_44' title='bbox 972 581 1090 622; x_wconf 82' lang='lat' dir='ltr'>initio</span> <span class='ocrx_word' id='word_1_45' title='bbox 1124 594 1228 624; x_wconf 79' lang='lat' dir='ltr'>esse.</span> <span class='ocrx_word' id='word_1_46' title='bbox 1254 582 1461 635; x_wconf 82' lang='lat' dir='ltr'>siquidem</span> <span class='ocrx_word' id='word_1_47' title='bbox 1486 596 1605 625; x_wconf 83' lang='lat' dir='ltr'>omne</span> 
     </span>
     <span class='ocr_line' id='line_1_6' title="bbox 67 649 1604 704; baseline 0.001 -12"><span class='ocrx_word' id='word_1_48' title='bbox 67 662 84 687; x_wconf 84' lang='lat'>5</span> <span class='ocrx_word' id='word_1_49' title='bbox 102 650 211 704; x_wconf 89' lang='lat' dir='ltr'>quod</span> <span class='ocrx_word' id='word_1_50' title='bbox 229 651 357 691; x_wconf 78' lang='lat' dir='ltr'>habet</span> <span class='ocrx_word' id='word_1_51' title='bbox 375 650 539 690; x_wconf 87' lang='lat' dir='ltr'>initium</span> <span class='ocrx_word' id='word_1_52' title='bbox 558 651 599 690; x_wconf 88' lang='lat' dir='ltr'>et</span> <span class='ocrx_word' id='word_1_53' title='bbox 615 649 739 690; x_wconf 81' lang='lat' dir='ltr'>finem</span> <span class='ocrx_word' id='word_1_54' title='bbox 757 649 890 702; x_wconf 86' lang='lat' dir='ltr'>possit</span> <span class='ocrx_word' id='word_1_55' title='bbox 906 650 1059 691; x_wconf 84' lang='lat' dir='ltr'>habere</span> <span class='ocrx_word' id='word_1_56' title='bbox 1078 662 1249 691; x_wconf 85' lang='lat' dir='ltr'>necesse</span> <span class='ocrx_word' id='word_1_57' title='bbox 1269 651 1343 691; x_wconf 85' lang='lat' dir='ltr'>est.</span> <span class='ocrx_word' id='word_1_58' title='bbox 1362 651 1491 704; x_wconf 87' lang='lat' dir='ltr'>igitur</span> <span class='ocrx_word' id='word_1_59' title='bbox 1509 664 1604 694; x_wconf 82' lang='lat' dir='ltr'>cum</span> 
     </span>
     <span class='ocr_line' id='line_1_7' title="bbox 101 718 1605 763; baseline 0.001 -3"><span class='ocrx_word' id='word_1_60' title='bbox 101 719 321 760; x_wconf 76' lang='lat' dir='ltr'>credamus</span> <span class='ocrx_word' id='word_1_61' title='bbox 340 719 507 759; x_wconf 82' lang='lat' dir='ltr'>unicum</span> <span class='ocrx_word' id='word_1_62' title='bbox 531 718 597 759; x_wconf 82' lang='lat' dir='ltr'>dei</span> <span class='ocrx_word' id='word_1_63' title='bbox 622 718 755 758; x_wconf 89' lang='lat' dir='ltr'>filium</span> <span class='ocrx_word' id='word_1_64' title='bbox 777 718 992 759; x_wconf 81' lang='lat' dir='ltr'>aeternum</span> <span class='ocrx_word' id='word_1_65' title='bbox 1016 731 1121 763; x_wconf 76' lang='lat' dir='ltr'>esse.</span> <span class='ocrx_word' id='word_1_66' title='bbox 1146 720 1222 760; x_wconf 75' lang='lat' dir='ltr'>hoc</span> <span class='ocrx_word' id='word_1_67' title='bbox 1247 720 1311 760; x_wconf 83' lang='lat' dir='ltr'>est</span> <span class='ocrx_word' id='word_1_68' title='bbox 1333 720 1605 762; x_wconf 82' lang='lat' dir='ltr'>coaeternum</span> 
     </span>
     <span class='ocr_line' id='line_1_8' title="bbox 100 786 1607 841; baseline 0.002 -13"><span class='ocrx_word' id='word_1_69' title='bbox 100 788 207 841; x_wconf 84' lang='lat' dir='ltr'>patri</span> <span class='ocrx_word' id='word_1_70' title='bbox 241 789 282 828; x_wconf 90' lang='lat' dir='ltr'>et</span> <span class='ocrx_word' id='word_1_71' title='bbox 314 800 388 828; x_wconf 89' lang='lat' dir='ltr'>uos</span> <span class='ocrx_word' id='word_1_72' title='bbox 419 787 563 828; x_wconf 85' lang='lat' dir='ltr'>hostes</span> <span class='ocrx_word' id='word_1_73' title='bbox 596 786 661 827; x_wconf 83' lang='lat' dir='ltr'>dei</span> <span class='ocrx_word' id='word_1_74' title='bbox 694 787 868 840; x_wconf 80' lang='lat' dir='ltr'>negetis,</span> <span class='ocrx_word' id='word_1_75' title='bbox 903 800 1036 828; x_wconf 86' lang='lat' dir='ltr'>nonne</span> <span class='ocrx_word' id='word_1_76' title='bbox 1066 788 1302 829; x_wconf 73' lang='lat' dir='ltr'>rectissime</span> <span class='ocrx_word' id='word_1_77' title='bbox 1326 788 1541 831; x_wconf 85' lang='lat' dir='ltr'>dementes</span> <span class='ocrx_word' id='word_1_78' title='bbox 1565 791 1607 831; x_wconf 89' lang='lat' dir='ltr'>et</span> 
     </span>
     <span class='ocr_line' id='line_1_9' title="bbox 101 856 1606 911; baseline 0.002 -14"><span class='ocrx_word' id='word_1_79' title='bbox 101 856 210 897; x_wconf 89' lang='lat' dir='ltr'>omni</span> <span class='ocrx_word' id='word_1_80' title='bbox 242 856 442 897; x_wconf 77' lang='lat' dir='ltr'>uecordia</span> <span class='ocrx_word' id='word_1_81' title='bbox 483 856 694 908; x_wconf 77' lang='lat' dir='ltr'>saginatos</span> <span class='ocrx_word' id='word_1_82' title='bbox 733 856 842 896; x_wconf 90' lang='lat' dir='ltr'>filios</span> <span class='ocrx_word' id='word_1_83' title='bbox 887 856 1150 908; x_wconf 69' lang='lat' dir='ltr'>pestilentiae</span> <span class='ocrx_word' id='word_1_84' title='bbox 1183 869 1260 898; x_wconf 90' lang='lat' dir='ltr'>uos</span> <span class='ocrx_word' id='word_1_85' title='bbox 1290 862 1606 911; x_wconf 77' lang='lat' dir='ltr'>nuncupamus?</span> 
     </span>
     <span class='ocr_line' id='line_1_10' title="bbox 101 924 1606 978; baseline 0.001 -12"><span class='ocrx_word' id='word_1_86' title='bbox 101 924 152 966; x_wconf 85' lang='lat' dir='ltr'>de</span> <span class='ocrx_word' id='word_1_87' title='bbox 184 925 333 978; x_wconf 86' lang='lat' dir='ltr'>quibus</span> <span class='ocrx_word' id='word_1_88' title='bbox 372 924 531 965; x_wconf 83' lang='lat' dir='ltr'>clamat</span> <span class='ocrx_word' id='word_1_89' title='bbox 568 925 716 966; x_wconf 78' lang='lat' dir='ltr'>beatus</span> <span class='ocrx_word' id='word_1_90' title='bbox 762 924 988 977; x_wconf 85' lang='lat' dir='ltr'>apostolus,</span> <span class='ocrx_word' id='word_1_91' title='bbox 1029 926 1076 965; x_wconf 80' lang='lat' dir='ltr'>ut</span> <span class='ocrx_word' id='word_1_92' title='bbox 1113 925 1211 965; x_wconf 86' lang='lat' dir='ltr'>tunc</span> <span class='ocrx_word' id='word_1_93' title='bbox 1247 925 1297 967; x_wconf 83' lang='lat' dir='ltr'>de</span> <span class='ocrx_word' id='word_1_94' title='bbox 1330 926 1521 968; x_wconf 83' lang='lat' dir='ltr'>Iudaeis:</span> <span class='ocrx_word' id='word_1_95' title='bbox 1568 930 1606 968; x_wconf 89' lang='lat' dir='ltr'>et</span> 
     </span>
     <span class='ocr_line' id='line_1_11' title="bbox 49 993 1606 1046; baseline 0.001 -11"><span class='ocrx_word' id='word_1_96' title='bbox 49 1004 83 1029; x_wconf 84' lang='lat'>¹⁰</span> <span class='ocrx_word' id='word_1_97' title='bbox 99 995 206 1035; x_wconf 87' lang='lat' dir='ltr'>sicut</span> <span class='ocrx_word' id='word_1_98' title='bbox 238 1007 325 1035; x_wconf 87' lang='lat' dir='ltr'>non</span> <span class='ocrx_word' id='word_1_99' title='bbox 352 994 637 1046; x_wconf 86' lang='lat' dir='ltr'>probauerunt</span> <span class='ocrx_word' id='word_1_100' title='bbox 668 994 792 1035; x_wconf 88' lang='lat' dir='ltr'>deum</span> <span class='ocrx_word' id='word_1_101' title='bbox 823 993 972 1034; x_wconf 88' lang='lat' dir='ltr'>habere</span> <span class='ocrx_word' id='word_1_102' title='bbox 1002 994 1050 1035; x_wconf 90' lang='lat' dir='ltr'>in</span> <span class='ocrx_word' id='word_1_103' title='bbox 1081 995 1248 1044; x_wconf 85' lang='lat' dir='ltr'>notitia,</span> <span class='ocrx_word' id='word_1_104' title='bbox 1292 995 1477 1036; x_wconf 72' lang='lat' dir='ltr'>tradidit</span> <span class='ocrx_word' id='word_1_105' title='bbox 1507 995 1606 1038; x_wconf 83' lang='lat' dir='ltr'>illos</span> 
     </span>
     <span class='ocr_line' id='line_1_12' title="bbox 99 1062 1602 1118; baseline 0.001 -14"><span class='ocrx_word' id='word_1_106' title='bbox 99 1063 201 1104; x_wconf 81' lang='lat' dir='ltr'>deus</span> <span class='ocrx_word' id='word_1_107' title='bbox 231 1063 278 1103; x_wconf 88' lang='lat' dir='ltr'>in</span> <span class='ocrx_word' id='word_1_108' title='bbox 308 1062 528 1114; x_wconf 84' lang='lat' dir='ltr'>reprobum</span> <span class='ocrx_word' id='word_1_109' title='bbox 557 1075 737 1110; x_wconf 84' lang='lat' dir='ltr'>sensum,</span> <span class='ocrx_word' id='word_1_110' title='bbox 770 1066 817 1103; x_wconf 87' lang='lat' dir='ltr'>ut</span> <span class='ocrx_word' id='word_1_111' title='bbox 836 1063 1006 1116; x_wconf 83' lang='lat' dir='ltr'>faciant</span> <span class='ocrx_word' id='word_1_112' title='bbox 1027 1076 1076 1104; x_wconf 88' lang='lat' dir='ltr'>ea</span> <span class='ocrx_word' id='word_1_113' title='bbox 1097 1076 1204 1115; x_wconf 79' lang='lat' dir='ltr'>quae</span> <span class='ocrx_word' id='word_1_114' title='bbox 1226 1076 1309 1104; x_wconf 81' lang='lat' dir='ltr'>non</span> <span class='ocrx_word' id='word_1_115' title='bbox 1331 1065 1602 1118; x_wconf 86' lang='lat' dir='ltr'>conueniant,</span> 
     </span>
     <span class='ocr_line' id='line_1_13' title="bbox 101 1130 1602 1186; baseline 0.002 -15"><span class='ocrx_word' id='word_1_116' title='bbox 101 1132 143 1172; x_wconf 87' lang='lat' dir='ltr'>et</span> <span class='ocrx_word' id='word_1_117' title='bbox 174 1130 225 1172; x_wconf 82' lang='lat' dir='ltr'>ad</span> <span class='ocrx_word' id='word_1_118' title='bbox 258 1131 569 1184; x_wconf 82' lang='lat' dir='ltr'>Philippenses:</span> <span class='ocrx_word' id='word_1_119' title='bbox 603 1132 886 1173; x_wconf 75' lang='lat' dir='ltr'>coimitatores</span> <span class='ocrx_word' id='word_1_120' title='bbox 916 1133 996 1173; x_wconf 81' lang='lat' dir='ltr'>mei</span> <span class='ocrx_word' id='word_1_121' title='bbox 1027 1135 1164 1184; x_wconf 85' lang='lat' dir='ltr'>estote,</span> <span class='ocrx_word' id='word_1_122' title='bbox 1198 1132 1366 1186; x_wconf 82' lang='lat' dir='ltr'>fratres,</span> <span class='ocrx_word' id='word_1_123' title='bbox 1399 1135 1438 1173; x_wconf 89' lang='lat' dir='ltr'>et</span> <span class='ocrx_word' id='word_1_124' title='bbox 1467 1133 1602 1174; x_wconf 87' lang='lat' dir='ltr'>obser-</span> 
     </span>
     <span class='ocr_line' id='line_1_14' title="bbox 99 1200 1600 1252; baseline 0.001 -11"><span class='ocrx_word' id='word_1_125' title='bbox 99 1203 195 1241; x_wconf 86' lang='lat' dir='ltr'>uate</span> <span class='ocrx_word' id='word_1_126' title='bbox 233 1213 299 1241; x_wconf 86' lang='lat' dir='ltr'>eos</span> <span class='ocrx_word' id='word_1_127' title='bbox 337 1201 411 1252; x_wconf 79' lang='lat' dir='ltr'>qui</span> <span class='ocrx_word' id='word_1_128' title='bbox 447 1201 508 1241; x_wconf 87' lang='lat' dir='ltr'>sic</span> <span class='ocrx_word' id='word_1_129' title='bbox 547 1200 784 1251; x_wconf 84' lang='lat' dir='ltr'>ambulant,</span> <span class='ocrx_word' id='word_1_130' title='bbox 827 1202 938 1242; x_wconf 87' lang='lat' dir='ltr'>sicut</span> <span class='ocrx_word' id='word_1_131' title='bbox 975 1200 1136 1242; x_wconf 85' lang='lat' dir='ltr'>habetis</span> <span class='ocrx_word' id='word_1_132' title='bbox 1172 1201 1358 1251; x_wconf 88' lang='lat' dir='ltr'>formam</span> <span class='ocrx_word' id='word_1_133' title='bbox 1395 1204 1600 1243; x_wconf 89' lang='lat' dir='ltr'>nostram.</span> 
     </span>
     <span class='ocr_line' id='line_1_15' title="bbox 98 1268 1602 1322; baseline 0.001 -13"><span class='ocrx_word' id='word_1_134' title='bbox 98 1269 222 1309; x_wconf 82' lang='lat' dir='ltr'>multi</span> <span class='ocrx_word' id='word_1_135' title='bbox 251 1269 364 1310; x_wconf 87' lang='lat' dir='ltr'>enim</span> <span class='ocrx_word' id='word_1_136' title='bbox 395 1268 631 1318; x_wconf 85' lang='lat' dir='ltr'>ambulant,</span> <span class='ocrx_word' id='word_1_137' title='bbox 662 1270 772 1322; x_wconf 80' lang='lat' dir='ltr'>quod</span> <span class='ocrx_word' id='word_1_138' title='bbox 802 1282 923 1322; x_wconf 80' lang='lat' dir='ltr'>saepe</span> <span class='ocrx_word' id='word_1_139' title='bbox 952 1269 1141 1311; x_wconf 76' lang='lat' dir='ltr'>dicebam</span> <span class='ocrx_word' id='word_1_140' title='bbox 1162 1269 1290 1320; x_wconf 88' lang='lat' dir='ltr'>uobis,</span> <span class='ocrx_word' id='word_1_141' title='bbox 1323 1283 1440 1311; x_wconf 88' lang='lat' dir='ltr'>nunc</span> <span class='ocrx_word' id='word_1_142' title='bbox 1461 1272 1602 1312; x_wconf 87' lang='lat' dir='ltr'>autem</span> 
     </span>
     <span class='ocr_line' id='line_1_16' title="bbox 50 1337 1603 1393; baseline 0.002 -15"><span class='ocrx_word' id='word_1_143' title='bbox 50 1345 82 1371; x_wconf 83' lang='lat'>¹⁵</span> <span class='ocrx_word' id='word_1_144' title='bbox 97 1340 134 1378; x_wconf 92' lang='lat' dir='ltr'>et</span> <span class='ocrx_word' id='word_1_145' title='bbox 159 1337 265 1389; x_wconf 85' lang='lat' dir='ltr'>flens</span> <span class='ocrx_word' id='word_1_146' title='bbox 294 1337 399 1388; x_wconf 91' lang='lat' dir='ltr'>dico,</span> <span class='ocrx_word' id='word_1_147' title='bbox 430 1338 629 1379; x_wconf 87' lang='lat' dir='ltr'>inimicos</span> <span class='ocrx_word' id='word_1_148' title='bbox 660 1338 798 1379; x_wconf 87' lang='lat' dir='ltr'>crucis</span> <span class='ocrx_word' id='word_1_149' title='bbox 829 1337 1003 1393; x_wconf 77' lang='lat' dir='ltr'>Christi,</span> <span class='ocrx_word' id='word_1_150' title='bbox 1035 1352 1216 1391; x_wconf 77' lang='lat' dir='ltr'>quorum</span> <span class='ocrx_word' id='word_1_151' title='bbox 1244 1339 1348 1392; x_wconf 68' lang='lat' dir='ltr'>finis</span> <span class='ocrx_word' id='word_1_152' title='bbox 1379 1343 1437 1381; x_wconf 88' lang='lat' dir='ltr'>est</span> <span class='ocrx_word' id='word_1_153' title='bbox 1467 1340 1603 1381; x_wconf 89' lang='lat' dir='ltr'>inter-</span> 
     </span>
     <span class='ocr_line' id='line_1_17' title="bbox 99 1405 1602 1461; baseline 0.003 -15"><span class='ocrx_word' id='word_1_154' title='bbox 99 1406 196 1456; x_wconf 83' lang='lat' dir='ltr'>itus,</span> <span class='ocrx_word' id='word_1_155' title='bbox 230 1419 408 1459; x_wconf 74' lang='lat' dir='ltr'>quorum</span> <span class='ocrx_word' id='word_1_156' title='bbox 439 1405 542 1447; x_wconf 75' lang='lat' dir='ltr'>deus</span> <span class='ocrx_word' id='word_1_157' title='bbox 572 1409 718 1448; x_wconf 88' lang='lat' dir='ltr'>uenter</span> <span class='ocrx_word' id='word_1_158' title='bbox 749 1409 819 1460; x_wconf 89' lang='lat' dir='ltr'>est,</span> <span class='ocrx_word' id='word_1_159' title='bbox 853 1409 889 1448; x_wconf 88' lang='lat' dir='ltr'>et</span> <span class='ocrx_word' id='word_1_160' title='bbox 908 1406 1053 1460; x_wconf 73' lang='lat' dir='ltr'>yloria</span> <span class='ocrx_word' id='word_1_161' title='bbox 1073 1407 1122 1447; x_wconf 88' lang='lat' dir='ltr'>in</span> <span class='ocrx_word' id='word_1_162' title='bbox 1143 1407 1390 1460; x_wconf 87' lang='lat' dir='ltr'>confusione</span> <span class='ocrx_word' id='word_1_163' title='bbox 1411 1409 1602 1461; x_wconf 84' lang='lat' dir='ltr'>ipso-rum</span> 
     </span>
     <span class='ocr_line' id='line_1_18' title="bbox 98 1474 1602 1526; baseline 0.002 -11"><span class='ocrx_word' id='word_1_164' title='bbox 98 1475 169 1526; x_wconf 76' lang='lat' dir='ltr'>qui</span> <span class='ocrx_word' id='word_1_165' title='bbox 200 1477 367 1516; x_wconf 88' lang='lat' dir='ltr'>terrena</span> <span class='ocrx_word' id='word_1_166' title='bbox 396 1474 585 1526; x_wconf 83' lang='lat' dir='ltr'>sapiunt,</span> <span class='ocrx_word' id='word_1_167' title='bbox 632 1474 674 1515; x_wconf 84' lang='lat' dir='ltr'>et</span> <span class='ocrx_word' id='word_1_168' title='bbox 706 1474 759 1515; x_wconf 82' lang='lat' dir='ltr'>ad</span> <span class='ocrx_word' id='word_1_169' title='bbox 793 1474 1060 1516; x_wconf 79' lang='lat' dir='ltr'>Timotheum</span> <span class='ocrx_word' id='word_1_170' title='bbox 1093 1475 1143 1515; x_wconf 88' lang='lat' dir='ltr'>de</span> <span class='ocrx_word' id='word_1_171' title='bbox 1174 1475 1230 1523; x_wconf 84' lang='lat' dir='ltr'>te,</span> <span class='ocrx_word' id='word_1_172' title='bbox 1274 1475 1506 1525; x_wconf 75' lang='lat' dir='ltr'>Constanti,</span> <span class='ocrx_word' id='word_1_173' title='bbox 1556 1489 1602 1518; x_wconf 84' lang='lat' dir='ltr'>ac</span> 
     </span>
     <span class='ocr_line' id='line_1_19' title="bbox 97 1542 1603 1597; baseline 0.003 -14"><span class='ocrx_word' id='word_1_174' title='bbox 97 1543 172 1584; x_wconf 83' lang='lat' dir='ltr'>tibi</span> <span class='ocrx_word' id='word_1_175' title='bbox 206 1542 491 1584; x_wconf 84' lang='lat' dir='ltr'>dilectissimis</span> <span class='ocrx_word' id='word_1_176' title='bbox 532 1543 787 1596; x_wconf 85' lang='lat' dir='ltr'>conperditis</span> <span class='ocrx_word' id='word_1_177' title='bbox 825 1543 930 1584; x_wconf 88' lang='lat' dir='ltr'>tuis:</span> <span class='ocrx_word' id='word_1_178' title='bbox 977 1545 1160 1596; x_wconf 84' lang='lat' dir='ltr'>spiritus</span> <span class='ocrx_word' id='word_1_179' title='bbox 1198 1547 1338 1585; x_wconf 83' lang='lat' dir='ltr'>autem</span> <span class='ocrx_word' id='word_1_180' title='bbox 1375 1545 1603 1597; x_wconf 78' lang='lat' dir='ltr'>manifeste</span> 
     </span>
     <span class='ocr_line' id='line_1_20' title="bbox 98 1612 1603 1667; baseline 0.001 -14"><span class='ocrx_word' id='word_1_181' title='bbox 98 1612 200 1653; x_wconf 85' lang='lat' dir='ltr'>dicit</span> <span class='ocrx_word' id='word_1_182' title='bbox 239 1614 342 1665; x_wconf 78' lang='lat' dir='ltr'>quia</span> <span class='ocrx_word' id='word_1_183' title='bbox 380 1612 430 1653; x_wconf 88' lang='lat' dir='ltr'>in</span> <span class='ocrx_word' id='word_1_184' title='bbox 469 1612 718 1654; x_wconf 86' lang='lat' dir='ltr'>nouissimis</span> <span class='ocrx_word' id='word_1_185' title='bbox 757 1612 1008 1665; x_wconf 79' lang='lat' dir='ltr'>temporibus</span> <span class='ocrx_word' id='word_1_186' title='bbox 1038 1613 1225 1654; x_wconf 77' lang='lat' dir='ltr'>recedent</span> <span class='ocrx_word' id='word_1_187' title='bbox 1256 1613 1432 1665; x_wconf 79' lang='lat' dir='ltr'>quidam</span> <span class='ocrx_word' id='word_1_188' title='bbox 1463 1628 1491 1654; x_wconf 90' lang='lat' dir='ltr'>a</span> <span class='ocrx_word' id='word_1_189' title='bbox 1519 1614 1603 1667; x_wconf 76' lang='lat' dir='ltr'>side</span> 
     </span>
     <span class='ocr_line' id='line_1_21' title="bbox 40 1680 1600 1737; baseline 0.002 -16"><span class='ocrx_word' id='word_1_190' title='bbox 40 1686 82 1712; x_wconf 54' lang='lat'>‘²⁰</span> <span class='ocrx_word' id='word_1_191' title='bbox 98 1680 366 1722; x_wconf 79' lang='lat' dir='ltr'>adtendentes</span> <span class='ocrx_word' id='word_1_192' title='bbox 404 1680 630 1733; x_wconf 86' lang='lat' dir='ltr'>spiritibus</span> <span class='ocrx_word' id='word_1_193' title='bbox 666 1681 966 1729; x_wconf 88' lang='lat' dir='ltr'>seductoribus,</span> <span class='ocrx_word' id='word_1_194' title='bbox 1014 1681 1222 1723; x_wconf 80' lang='lat' dir='ltr'>doctrinis</span> <span class='ocrx_word' id='word_1_195' title='bbox 1266 1682 1600 1737; x_wconf 86' lang='lat' dir='ltr'>daemoniorum,</span> 
     </span>
     <span class='ocr_line' id='line_1_22' title="bbox 97 1749 1601 1803; baseline 0.001 -13"><span class='ocrx_word' id='word_1_196' title='bbox 97 1749 145 1790; x_wconf 89' lang='lat' dir='ltr'>in</span> <span class='ocrx_word' id='word_1_197' title='bbox 175 1749 386 1802; x_wconf 76' lang='lat' dir='ltr'>hypocrisi</span> <span class='ocrx_word' id='word_1_198' title='bbox 416 1750 883 1803; x_wconf 78' lang='lat' dir='ltr'>mendaciloquentium,</span> <span class='ocrx_word' id='word_1_199' title='bbox 917 1751 1202 1792; x_wconf 83' lang='lat' dir='ltr'>cauteriatam</span> <span class='ocrx_word' id='word_1_200' title='bbox 1232 1750 1476 1792; x_wconf 79' lang='lat' dir='ltr'>habentium</span> <span class='ocrx_word' id='word_1_201' title='bbox 1506 1764 1601 1793; x_wconf 85' lang='lat' dir='ltr'>con-</span> 
     </span>
     <span class='ocr_line' id='line_1_23' title="bbox 98 1818 1603 1873; baseline 0.001 -14"><span class='ocrx_word' id='word_1_202' title='bbox 98 1819 319 1860; x_wconf 87' lang='lat' dir='ltr'>scientiam</span> <span class='ocrx_word' id='word_1_203' title='bbox 349 1831 486 1860; x_wconf 85' lang='lat' dir='ltr'>suam.</span> <span class='ocrx_word' id='word_1_204' title='bbox 549 1831 624 1860; x_wconf 89' lang='lat' dir='ltr'>uos</span> <span class='ocrx_word' id='word_1_205' title='bbox 657 1819 792 1860; x_wconf 84' lang='lat' dir='ltr'>adhuc</span> <span class='ocrx_word' id='word_1_206' title='bbox 834 1819 1015 1872; x_wconf 87' lang='lat' dir='ltr'>percutit</span> <span class='ocrx_word' id='word_1_207' title='bbox 1047 1820 1171 1872; x_wconf 86' lang='lat' dir='ltr'>atque</span> <span class='ocrx_word' id='word_1_208' title='bbox 1201 1818 1402 1860; x_wconf 83' lang='lat' dir='ltr'>interficit</span> <span class='ocrx_word' id='word_1_209' title='bbox 1432 1819 1603 1873; x_wconf 88' lang='lat' dir='ltr'>spiritus</span> 
     </span>
     <span class='ocr_line' id='line_1_24' title="bbox 99 1887 1601 1941; baseline 0.003 -14"><span class='ocrx_word' id='word_1_210' title='bbox 99 1887 268 1928; x_wconf 83' lang='lat' dir='ltr'>sanctus</span> <span class='ocrx_word' id='word_1_211' title='bbox 300 1899 369 1928; x_wconf 83' lang='lat' dir='ltr'>ore</span> <span class='ocrx_word' id='word_1_212' title='bbox 394 1887 581 1928; x_wconf 84' lang='lat' dir='ltr'>eiusdem</span> <span class='ocrx_word' id='word_1_213' title='bbox 604 1888 718 1928; x_wconf 84' lang='lat' dir='ltr'>beati</span> <span class='ocrx_word' id='word_1_214' title='bbox 741 1888 918 1941; x_wconf 84' lang='lat' dir='ltr'>apostoli</span> <span class='ocrx_word' id='word_1_215' title='bbox 943 1888 1083 1929; x_wconf 84' lang='lat' dir='ltr'>Pauli:</span> <span class='ocrx_word' id='word_1_216' title='bbox 1115 1889 1163 1930; x_wconf 88' lang='lat' dir='ltr'>in</span> <span class='ocrx_word' id='word_1_217' title='bbox 1184 1889 1435 1929; x_wconf 84' lang='lat' dir='ltr'>nouissimis</span> <span class='ocrx_word' id='word_1_218' title='bbox 1456 1889 1601 1931; x_wconf 85' lang='lat' dir='ltr'>diebus</span> 
     </span>
     <span class='ocr_line' id='line_1_25' title="bbox 98 1956 1601 2010; baseline 0.002 -14"><span class='ocrx_word' id='word_1_219' title='bbox 98 1956 327 1997; x_wconf 87' lang='lat' dir='ltr'>aduenient</span> <span class='ocrx_word' id='word_1_220' title='bbox 349 1959 538 2009; x_wconf 86' lang='lat' dir='ltr'>tempora</span> <span class='ocrx_word' id='word_1_221' title='bbox 552 1957 811 2009; x_wconf 79' lang='lat' dir='ltr'>periculosa.</span> <span class='ocrx_word' id='word_1_222' title='bbox 845 1960 970 1998; x_wconf 84' lang='lat' dir='ltr'>erunt</span> <span class='ocrx_word' id='word_1_223' title='bbox 990 1957 1181 1998; x_wconf 86' lang='lat' dir='ltr'>homines</span> <span class='ocrx_word' id='word_1_224' title='bbox 1202 1970 1244 1999; x_wconf 91' lang='lat' dir='ltr'>se</span> <span class='ocrx_word' id='word_1_225' title='bbox 1264 1958 1376 2010; x_wconf 89' lang='lat' dir='ltr'>ipsos</span> <span class='ocrx_word' id='word_1_226' title='bbox 1397 1961 1601 2009; x_wconf 77' lang='lat' dir='ltr'>amantes,</span> 
     </span>
     <span class='ocr_line' id='line_1_26' title="bbox 49 2025 1600 2079; baseline 0.001 -14"><span class='ocrx_word' id='word_1_227' title='bbox 49 2025 257 2079; x_wconf 75' lang='lat' dir='ltr'>8⁵cupidi,</span> <span class='ocrx_word' id='word_1_228' title='bbox 291 2025 472 2077; x_wconf 81' lang='lat' dir='ltr'>superbi,</span> <span class='ocrx_word' id='word_1_229' title='bbox 507 2026 733 2079; x_wconf 79' lang='lat' dir='ltr'>fastidiosi,</span> <span class='ocrx_word' id='word_1_230' title='bbox 765 2025 1014 2077; x_wconf 80' lang='lat' dir='ltr'>blasphemi,</span> <span class='ocrx_word' id='word_1_231' title='bbox 1041 2026 1298 2078; x_wconf 86' lang='lat' dir='ltr'>parentibus</span> <span class='ocrx_word' id='word_1_232' title='bbox 1328 2039 1414 2067; x_wconf 91' lang='lat' dir='ltr'>non</span> <span class='ocrx_word' id='word_1_233' title='bbox 1435 2025 1600 2067; x_wconf 89' lang='lat' dir='ltr'>oboedi-</span> 
     </span>
     <span class='ocr_line' id='line_1_27' title="bbox 100 2094 1600 2148; baseline 0.001 -13"><span class='ocrx_word' id='word_1_234' title='bbox 100 2097 221 2147; x_wconf 84' lang='lat' dir='ltr'>entes,</span> <span class='ocrx_word' id='word_1_235' title='bbox 254 2094 434 2147; x_wconf 76' lang='lat' dir='ltr'>inyrati,</span> <span class='ocrx_word' id='word_1_236' title='bbox 467 2095 641 2145; x_wconf 85' lang='lat' dir='ltr'>scelesti,</span> <span class='ocrx_word' id='word_1_237' title='bbox 671 2095 763 2136; x_wconf 85' lang='lat' dir='ltr'>sine</span> <span class='ocrx_word' id='word_1_238' title='bbox 793 2095 1041 2147; x_wconf 80' lang='lat' dir='ltr'>adfectione,</span> <span class='ocrx_word' id='word_1_239' title='bbox 1079 2096 1172 2137; x_wconf 85' lang='lat' dir='ltr'>sine</span> <span class='ocrx_word' id='word_1_240' title='bbox 1201 2095 1295 2148; x_wconf 71' lang='lat' dir='ltr'>fide,</span> <span class='ocrx_word' id='word_1_241' title='bbox 1336 2095 1600 2143; x_wconf 84' lang='lat' dir='ltr'>detractores,</span> 
     </span>
     <span class='ocr_line' id='line_1_28' title="bbox 97 2162 1599 2217; baseline 0.001 -15"><span class='ocrx_word' id='word_1_242' title='bbox 97 2162 415 2213; x_wconf 85' lang='lat' dir='ltr'>incontinentes,</span> <span class='ocrx_word' id='word_1_243' title='bbox 447 2163 634 2213; x_wconf 83' lang='lat' dir='ltr'>inmites,</span> <span class='ocrx_word' id='word_1_244' title='bbox 675 2164 765 2204; x_wconf 87' lang='lat' dir='ltr'>sine</span> <span class='ocrx_word' id='word_1_245' title='bbox 796 2164 1066 2217; x_wconf 69' lang='lat' dir='ltr'>beiiiyoiitate,</span> <span class='ocrx_word' id='word_1_246' title='bbox 1098 2163 1351 2216; x_wconf 87' lang='lat' dir='ltr'>proditores,</span> <span class='ocrx_word' id='word_1_247' title='bbox 1394 2163 1599 2214; x_wconf 85' lang='lat' dir='ltr'>proterui,</span> 
     </span>
     <span class='ocr_line' id='line_1_29' title="bbox 99 2229 1599 2284; baseline 0.001 -15"><span class='ocrx_word' id='word_1_248' title='bbox 99 2229 251 2282; x_wconf 80' lang='lat' dir='ltr'>inflati,</span> <span class='ocrx_word' id='word_1_249' title='bbox 275 2231 548 2284; x_wconf 81' lang='lat' dir='ltr'>uoluptatum</span> <span class='ocrx_word' id='word_1_250' title='bbox 571 2234 782 2272; x_wconf 89' lang='lat' dir='ltr'>amatores</span> <span class='ocrx_word' id='word_1_251' title='bbox 798 2233 936 2284; x_wconf 72' lang='lat' dir='ltr'>mayis</span> <span class='ocrx_word' id='word_1_252' title='bbox 957 2245 1085 2284; x_wconf 78' lang='lat' dir='ltr'>quam</span> <span class='ocrx_word' id='word_1_253' title='bbox 1103 2231 1182 2284; x_wconf 85' lang='lat' dir='ltr'>dei,</span> <span class='ocrx_word' id='word_1_254' title='bbox 1205 2231 1401 2272; x_wconf 83' lang='lat' dir='ltr'>habentes</span> <span class='ocrx_word' id='word_1_255' title='bbox 1423 2232 1599 2283; x_wconf 85' lang='lat' dir='ltr'>speciem</span> 
     </span>
     <span class='ocr_line' id='line_1_30' title="bbox 95 2298 1602 2354; baseline 0.001 -15"><span class='ocrx_word' id='word_1_256' title='bbox 95 2298 283 2350; x_wconf 87' lang='lat' dir='ltr'>pietatis,</span> <span class='ocrx_word' id='word_1_257' title='bbox 327 2300 551 2341; x_wconf 86' lang='lat' dir='ltr'>ueritatem</span> <span class='ocrx_word' id='word_1_258' title='bbox 582 2303 723 2342; x_wconf 87' lang='lat' dir='ltr'>autem</span> <span class='ocrx_word' id='word_1_259' title='bbox 753 2301 894 2353; x_wconf 83' lang='lat' dir='ltr'>ipsius</span> <span class='ocrx_word' id='word_1_260' title='bbox 924 2304 1147 2353; x_wconf 55' lang='lat' dir='ltr'>rimantes,-</span> <span class='ocrx_word' id='word_1_261' title='bbox 1177 2303 1215 2341; x_wconf 87' lang='lat' dir='ltr'>et</span> <span class='ocrx_word' id='word_1_262' title='bbox 1243 2299 1316 2340; x_wconf 89' lang='lat' dir='ltr'>hos</span> <span class='ocrx_word' id='word_1_263' title='bbox 1347 2299 1506 2354; x_wconf 86' lang='lat' dir='ltr'>deuita,</span> <span class='ocrx_word' id='word_1_264' title='bbox 1559 2300 1602 2340; x_wconf 85' lang='lat' dir='ltr'>et</span> 
     </span>
     <span class='ocr_line' id='line_1_31' title="bbox 49 2366 1598 2421; baseline 0 -13"><span class='ocrx_word' id='word_1_265' title='bbox 49 2366 221 2408; x_wconf 73' lang='lat' dir='ltr'>winfra:</span> <span class='ocrx_word' id='word_1_266' title='bbox 268 2369 617 2421; x_wconf 80' lang='lat' dir='ltr'>quemadmodum</span> <span class='ocrx_word' id='word_1_267' title='bbox 657 2372 797 2410; x_wconf 84' lang='lat' dir='ltr'>autem</span> <span class='ocrx_word' id='word_1_268' title='bbox 830 2368 993 2410; x_wconf 88' lang='lat' dir='ltr'>Iannes</span> <span class='ocrx_word' id='word_1_269' title='bbox 1033 2372 1068 2410; x_wconf 86' lang='lat' dir='ltr'>et</span> <span class='ocrx_word' id='word_1_270' title='bbox 1102 2368 1319 2409; x_wconf 83' lang='lat' dir='ltr'>Mambres</span> <span class='ocrx_word' id='word_1_271' title='bbox 1350 2368 1598 2408; x_wconf 86' lang='lat' dir='ltr'>resisterunt</span> 
     </span>
     <span class='ocr_line' id='line_1_32' title="bbox 102 2435 1598 2491; baseline -0.001 -13"><span class='ocrx_word' id='word_1_272' title='bbox 102 2435 259 2490; x_wconf 72' lang='lat' dir='ltr'>Moysi,</span> <span class='ocrx_word' id='word_1_273' title='bbox 291 2437 353 2478; x_wconf 88' lang='lat' dir='ltr'>sic</span> <span class='ocrx_word' id='word_1_274' title='bbox 377 2440 414 2478; x_wconf 90' lang='lat' dir='ltr'>et</span> <span class='ocrx_word' id='word_1_275' title='bbox 445 2437 491 2478; x_wconf 88' lang='lat' dir='ltr'>hi</span> <span class='ocrx_word' id='word_1_276' title='bbox 522 2438 712 2478; x_wconf 83' lang='lat' dir='ltr'>resistent</span> <span class='ocrx_word' id='word_1_277' title='bbox 744 2438 934 2491; x_wconf 80' lang='lat' dir='ltr'>ueritati,</span> <span class='ocrx_word' id='word_1_278' title='bbox 967 2436 1156 2477; x_wconf 83' lang='lat' dir='ltr'>homines</span> <span class='ocrx_word' id='word_1_279' title='bbox 1186 2437 1377 2489; x_wconf 84' lang='lat' dir='ltr'>corrupti</span> <span class='ocrx_word' id='word_1_280' title='bbox 1407 2438 1542 2477; x_wconf 83' lang='lat' dir='ltr'>mente</span> <span class='ocrx_word' id='word_1_281' title='bbox 1563 2439 1598 2477; x_wconf 84' lang='lat' dir='ltr'>et</span> 
     </span>
    </p>
   </div>
   <div class='ocr_carea' id='block_1_3' title="bbox 99 2570 1600 2670">
    <p class='ocr_par' dir='ltr' id='par_1_3' title="bbox 99 2570 1600 2670">
     <span class='ocr_line' id='line_1_33' title="bbox 234 2570 1600 2615; baseline 0 -8"><span class='ocrx_word' id='word_1_282' title='bbox 234 2572 250 2606; x_wconf 95' lang='lat'>1</span> <span class='ocrx_word' id='word_1_283' title='bbox 278 2572 350 2607; x_wconf 91' lang='lat' dir='ltr'>Ioh.</span> <span class='ocrx_word' id='word_1_284' title='bbox 378 2572 431 2615; x_wconf 80' lang='lat'>14,</span> <span class='ocrx_word' id='word_1_285' title='bbox 457 2573 478 2606; x_wconf 88' lang='grc'>9</span> <span class='ocrx_word' id='word_1_286' title='bbox 607 2573 629 2606; x_wconf 88' lang='grc'>2</span> <span class='ocrx_word' id='word_1_287' title='bbox 652 2572 699 2607; x_wconf 90' lang='lat' dir='ltr'>ib.</span> <span class='ocrx_word' id='word_1_288' title='bbox 727 2572 780 2611; x_wconf 83' lang='lat'>10,</span> <span class='ocrx_word' id='word_1_289' title='bbox 808 2572 852 2605; x_wconf 90' lang='lat'>30</span> <span class='ocrx_word' id='word_1_290' title='bbox 980 2571 1000 2605; x_wconf 87' lang='lat'>9</span> <span class='ocrx_word' id='word_1_291' title='bbox 1025 2571 1122 2606; x_wconf 85' lang='lat' dir='ltr'>Rom.</span> <span class='ocrx_word' id='word_1_292' title='bbox 1151 2571 1181 2610; x_wconf 89' lang='lat'>1,</span> <span class='ocrx_word' id='word_1_293' title='bbox 1207 2570 1251 2606; x_wconf 82' lang='lat'>28</span> <span class='ocrx_word' id='word_1_294' title='bbox 1382 2571 1424 2604; x_wconf 85' lang='lat'>12</span> <span class='ocrx_word' id='word_1_295' title='bbox 1450 2571 1539 2606; x_wconf 89' lang='lat' dir='ltr'>Phil.</span> <span class='ocrx_word' id='word_1_296' title='bbox 1564 2572 1600 2608; x_wconf 76' lang='grc'>3,</span> 
     </span>
     <span class='ocr_line' id='line_1_34' title="bbox 99 2627 1539 2670; baseline 0 -8"><span class='ocrx_word' id='word_1_297' title='bbox 99 2627 232 2663; x_wconf 85' lang='grc'>17-19</span> <span class='ocrx_word' id='word_1_298' title='bbox 326 2630 369 2664; x_wconf 90' lang='grc'>18</span> <span class='ocrx_word' id='word_1_299' title='bbox 395 2629 411 2664; x_wconf 94' lang='grc' dir='ltr'>Ι</span> <span class='ocrx_word' id='word_1_300' title='bbox 436 2628 523 2664; x_wconf 83' lang='grc' dir='ltr'><strong>Τὶιη.</strong></span> <span class='ocrx_word' id='word_1_301' title='bbox 550 2630 583 2670; x_wconf 82' lang='grc'>4,</span> <span class='ocrx_word' id='word_1_302' title='bbox 612 2630 640 2664; x_wconf 95' lang='grc'>1.</span> <span class='ocrx_word' id='word_1_303' title='bbox 666 2630 687 2663; x_wconf 87' lang='grc'>2</span> <span class='ocrx_word' id='word_1_304' title='bbox 782 2629 825 2663; x_wconf 83' lang='grc'>23</span> <span class='ocrx_word' id='word_1_305' title='bbox 850 2628 882 2662; x_wconf 93' lang='grc' dir='ltr'>Π</span> <span class='ocrx_word' id='word_1_306' title='bbox 907 2628 992 2663; x_wconf 81' lang='lat' dir='ltr'>Tim.</span> <span class='ocrx_word' id='word_1_307' title='bbox 1018 2628 1051 2668; x_wconf 89' lang='lat'>3,</span> <span class='ocrx_word' id='word_1_308' title='bbox 1079 2628 1167 2661; x_wconf 87' lang='lat'>1—5</span> <span class='ocrx_word' id='word_1_309' title='bbox 1261 2627 1305 2661; x_wconf 86' lang='lat'>30</span> <span class='ocrx_word' id='word_1_310' title='bbox 1330 2627 1375 2662; x_wconf 89' lang='lat' dir='ltr'>ib.</span> <span class='ocrx_word' id='word_1_311' title='bbox 1402 2628 1433 2669; x_wconf 84' lang='lat'>3,</span> <span class='ocrx_word' id='word_1_312' title='bbox 1461 2629 1490 2662; x_wconf 89' lang='lat'>8.</span> <span class='ocrx_word' id='word_1_313' title='bbox 1518 2629 1539 2662; x_wconf 87' lang='lat'>9</span> 
     </span>
    </p>
   </div>
   <div class='ocr_carea' id='block_1_4' title="bbox 98 2742 1598 2900">
    <p class='ocr_par' dir='ltr' id='par_1_4' title="bbox 98 2742 1598 2900">
     <span class='ocr_line' id='line_1_35' title="bbox 167 2742 1598 2787; baseline 0.001 -11"><span class='ocrx_word' id='word_1_314' title='bbox 167 2742 184 2776; x_wconf 97' lang='grc'>1</span> <span class='ocrx_word' id='word_1_315' title='bbox 212 2753 298 2787; x_wconf 80' lang='lat' dir='ltr'>quae</span> <span class='ocrx_word' id='word_1_316' title='bbox 391 2744 412 2778; x_wconf 90' lang='grc'><strong>6</strong></span> <span class='ocrx_word' id='word_1_317' title='bbox 438 2747 681 2779; x_wconf 52' lang='grc' dir='ltr'>εοιαοῐοηιιιῐη</span> <span class='ocrx_word' id='word_1_318' title='bbox 774 2743 795 2778; x_wconf 90' lang='grc'>8</span> <span class='ocrx_word' id='word_1_319' title='bbox 821 2742 1005 2777; x_wconf 73' lang='lat' dir='ltr'>uaecordia</span> <span class='ocrx_word' id='word_1_320' title='bbox 1100 2742 1141 2776; x_wconf 85' lang='lat'>14</span> <span class='ocrx_word' id='word_1_321' title='bbox 1168 2753 1251 2786; x_wconf 87' lang='lat' dir='ltr'>quos</span> <span class='ocrx_word' id='word_1_322' title='bbox 1277 2742 1434 2785; x_wconf 76' lang='lat' dir='ltr'>Lucifer</span> <span class='ocrx_word' id='word_1_323' title='bbox 1456 2754 1492 2786; x_wconf 88' lang='lat' dir='ltr'>p.</span> <span class='ocrx_word' id='word_1_324' title='bbox 1518 2745 1598 2778; x_wconf 72' lang='lat'><em>199.</em></span> 
     </span>
     <span class='ocr_line' id='line_1_36' title="bbox 100 2799 1598 2845; baseline 0.001 -14"><span class='ocrx_word' id='word_1_325' title='bbox 100 2801 143 2832; x_wconf 84' lang='lat'>19</span> <span class='ocrx_word' id='word_1_326' title='bbox 237 2800 276 2834; x_wconf 87' lang='grc'>17</span> <span class='ocrx_word' id='word_1_327' title='bbox 302 2800 533 2835; x_wconf 84' lang='lat' dir='ltr'>thimotheum</span> <span class='ocrx_word' id='word_1_328' title='bbox 639 2801 681 2834; x_wconf 84' lang='lat'>19</span> <span class='ocrx_word' id='word_1_329' title='bbox 707 2800 845 2845; x_wconf 73' lang='lat' dir='ltr'>quidem</span> <span class='ocrx_word' id='word_1_330' title='bbox 945 2799 990 2832; x_wconf 81' lang='lat'>23</span> <span class='ocrx_word' id='word_1_331' title='bbox 1014 2799 1114 2833; x_wconf 78' lang='lat' dir='ltr'>Pauli</span> <span class='ocrx_word' id='word_1_332' title='bbox 1140 2811 1206 2833; x_wconf 85' lang='lat' dir='ltr'>om.</span> <span class='ocrx_word' id='word_1_333' title='bbox 1235 2811 1252 2833; x_wconf 77' lang='lat' dir='ltr'><strong><em>v</em></strong></span> <span class='ocrx_word' id='word_1_334' title='bbox 1345 2799 1389 2833; x_wconf 77' lang='lat'>:25</span> <span class='ocrx_word' id='word_1_335' title='bbox 1414 2799 1598 2834; x_wconf 80' lang='lat' dir='ltr'>oboedien-</span> 
     </span>
     <span class='ocr_line' id='line_1_37' title="bbox 98 2853 1412 2900; baseline 0.001 -13"><span class='ocrx_word' id='word_1_336' title='bbox 98 2853 191 2888; x_wconf 85' lang='lat' dir='ltr'>tibus</span> <span class='ocrx_word' id='word_1_337' title='bbox 216 2855 363 2900; x_wconf 82' lang='lat' dir='ltr'>ingratis</span> <span class='ocrx_word' id='word_1_338' title='bbox 456 2857 500 2890; x_wconf 90' lang='lat'>30</span> <span class='ocrx_word' id='word_1_339' title='bbox 526 2857 661 2891; x_wconf 83' lang='lat' dir='ltr'>Iamnes</span> <span class='ocrx_word' id='word_1_340' title='bbox 689 2869 706 2891; x_wconf 74' lang='grc' dir='ltr'>ι·</span> <span class='ocrx_word' id='word_1_341' title='bbox 800 2857 1005 2890; x_wconf 74' lang='lat' dir='ltr'>restiterunt</span> <span class='ocrx_word' id='word_1_342' title='bbox 1028 2856 1116 2898; x_wconf 80' lang='lat' dir='ltr'>fort.</span> <span class='ocrx_word' id='word_1_343' title='bbox 1210 2856 1250 2890; x_wconf 88' lang='lat'>31</span> <span class='ocrx_word' id='word_1_344' title='bbox 1278 2859 1412 2890; x_wconf 50' lang='lat' dir='ltr'>mente*</span> 
     </span>
    </p>
   </div>
   <div class='ocr_carea' id='block_1_5' title="bbox 168 2922 1460 2969">
    <p class='ocr_par' dir='ltr' id='par_1_5' title="bbox 168 2922 1460 2969">
     <span class='ocr_line' id='line_1_38' title="bbox 168 2922 1460 2969; baseline 0.001 -11"><span class='ocrx_word' id='word_1_345' title='bbox 168 2922 275 2959; x_wconf 81' lang='lat' dir='ltr'>xlm.</span> <span class='ocrx_word' id='word_1_346' title='bbox 778 2968 781 2969; x_wconf 16' lang='lat'><em>⁷</em></span> <span class='ocrx_word' id='word_1_347' title='bbox 1417 2926 1460 2959; x_wconf 58' lang='grc' dir='ltr'>κο</span> 
     </span>
    </p>
   </div>
  </div>
 </body>
</html>
