1934 3278
675 315 729 349 De
754 314 893 359 regibus
918 316 1132 359 apostaticis.
1599 319 1652 361 57

153 442 308 484 buxum
338 442 388 483 de
410 443 529 495 poste
561 443 659 482 ante
687 440 842 494 faciem
872 441 973 484 eius.
1006 443 1045 482 et
1072 440 1179 482 daho
1211 453 1276 482 eos
1304 441 1351 482 in
1381 454 1535 483 manus
1565 442 1651 483 ini-

153 510 356 551 micorum
397 510 547 562 ipsius,
595 512 631 550 et
676 511 799 550 erunt
843 509 892 549 in
935 509 1212 562 direptionem
1255 511 1293 550 et
1338 508 1651 551 conbustionem

152 578 343 620 omnibus
374 578 562 620 inimicis
593 590 749 629 eorum,
781 577 986 630 quoniam
1007 577 1191 630 proiecti
1228 580 1328 619 sunt
1367 577 1417 619 de
1448 581 1545 630 post
1575 591 1649 630 me,

151 649 190 688 et
218 649 342 687 erant
377 647 426 688 de
453 649 548 699 post
585 659 648 687 me
692 648 730 687 et
768 648 890 687 erant
926 646 1217 687 exacerbantes
1254 659 1333 696 me,
1381 659 1431 688 ex
1470 660 1555 699 qua
1585 646 1651 688 die

118 725 135 752 ε
151 715 342 756 exierunt
365 717 512 768 patres
543 727 684 756 eorum
713 714 763 756 de
792 717 907 756 terra
937 714 1117 768 Aegypti
1147 727 1276 768 usque
1307 715 1355 756 in
1386 714 1497 756 hunc
1527 714 1650 758 diem,

152 786 188 825 et
209 786 341 825 cetera
356 783 575 825 uerborum
598 784 805 825 Manasse
825 785 865 824 et
884 783 1029 824 omnia
1044 796 1150 836 quae
1169 783 1280 837 fecit,
1304 783 1652 837 quemadmodum

144 865 319 905 peccare
347 851 446 903 fecit
467 851 618 905 Israel,
651 865 789 894 nonne
809 851 907 894 haec
931 852 1091 905 scripta
1111 854 1214 894 sunt
1232 852 1280 894 in
1301 852 1408 894 libro
1428 852 1651 894 uerborum

151 920 315 961 dierum
336 933 479 975 reyum
501 920 616 962 Iuda
645 922 685 961 et
713 920 1059 973 quemadmodum
1089 921 1342 974 sanquinem
1362 921 1650 962 innocentium

150 988 266 1042 fudit
295 989 473 1030 multum
502 989 639 1039 ualde,
669 1003 799 1043 usque
827 990 930 1031 dum
952 990 1143 1043 impleret
1162 989 1429 1031 Hierusalem
1448 1002 1574 1042 super
1593 1001 1650 1039 os,

100 1067 133 1092 1⁰
150 1060 269 1098 extra
312 1061 549 1110 peccatum,
593 1072 698 1111 quae
733 1071 908 1112 peccare
946 1058 1043 1111 fecit
1082 1058 1202 1113 Iuda,
1251 1061 1297 1100 ut
1340 1059 1494 1111 faceret
1540 1057 1651 1111 quod

149 1126 237 1167 mal
244 1126 390 1180 iynum
419 1129 483 1168 est
499 1128 548 1168 in
569 1130 789 1180 conspectu
813 1127 978 1169 domini
998 1128 1099 1170 dei?
1130 1130 1170 1168 et
1197 1127 1399 1168 dormiuit
1421 1127 1650 1168 Manasses

149 1206 242 1235 cum
266 1196 467 1247 patribus
496 1196 599 1248 suis,
633 1199 671 1237 et
701 1195 902 1249 reynauit
935 1195 1054 1248 filius
1083 1196 1173 1236 eius
1204 1208 1288 1248 pro
1324 1208 1380 1248 eo,
1419 1208 1512 1236 cum
1550 1197 1650 1236 esset

149 1275 363 1304 annorum
393 1265 553 1318 uiyinti
583 1264 664 1306 duo
696 1265 838 1307 Amos.

208 1331 345 1374 VIIII.
381 1332 491 1385 Quid
525 1333 643 1385 dicis,
677 1333 909 1384 Constanti,
943 1333 996 1374 ad
1027 1333 1162 1374 haec?
1194 1332 1320 1374 credo
1351 1332 1437 1374 iam
1460 1332 1649 1374 desinere

98 1400 191 1441 15te
225 1400 387 1443 dicere:
434 1403 472 1444 si
511 1416 598 1445 non
637 1404 734 1445 bene
774 1415 958 1457 ayerem,
1006 1415 1093 1443 non
1137 1415 1263 1443 essem
1310 1404 1427 1442 tanto
1467 1404 1650 1454 tempore

147 1483 353 1523 reynans,
403 1472 570 1524 quando
613 1471 760 1513 uideas
800 1471 842 1513 et
881 1471 1060 1512 alterum
1100 1470 1229 1512 istum
1267 1470 1509 1511 Manassem
1545 1469 1650 1511 talia

149 1539 344 1591 agentem
376 1540 680 1594 quinquaginta
702 1540 862 1593 septem
886 1539 1003 1582 annis
1025 1552 1246 1594 regnasse3
1280 1540 1322 1581 et
1344 1538 1443 1593 quia
1469 1538 1648 1580 diximus

146 1606 189 1647 te
224 1606 402 1648 alterum
436 1620 527 1650 esse
559 1609 814 1660 Manassem,
848 1609 987 1651 omnia
1017 1610 1148 1663 ipsius
1179 1610 1222 1650 te
1252 1609 1408 1650 habere
1440 1607 1647 1660 conspice.

147 1675 220 1716 ille
252 1675 293 1716 in
327 1676 393 1717 dei
427 1676 550 1718 domo
581 1678 864 1720 idololatriam
906 1678 1136 1728 constituit,
1175 1677 1353 1720 totidem
1392 1677 1481 1730 ipse
1512 1675 1650 1717 fecisti

93 1744 185 1785 zoin
218 1745 376 1798 templo
410 1746 452 1786 et
484 1745 658 1787 aedibus
691 1746 868 1793 domini3
915 1746 986 1787 ille
1018 1746 1135 1788 idola
1165 1746 1267 1788 fecit
1301 1745 1478 1795 adorari,
1522 1756 1647 1785 usur-

145 1813 263 1866 pauit
301 1813 380 1854 sibi
420 1813 531 1867 quod
574 1814 728 1855 domini
769 1815 1000 1864 dicebatur,
1049 1817 1096 1856 ut
1143 1815 1340 1867 deinceps
1388 1813 1471 1855 dici
1517 1812 1649 1866 possit

144 1880 375 1930 idolorum3
409 1882 548 1924 omnia
578 1883 680 1923 haec
723 1884 764 1924 et
794 1883 838 1924 tu
872 1883 1021 1933 fecisti,
1055 1883 1152 1937 quia
1183 1882 1401 1924 Arrianam
1434 1883 1647 1923 haeresem

143 1950 412 1992 introduxisti
443 1951 482 1992 in
517 1951 740 1993 ecclesiam
774 1952 817 1993 et
847 1952 915 2005 qui
949 1951 1253 2005 blasphemiam
1284 1951 1400 1992 tuam
1430 1951 1646 2003 tamquam

145 2017 273 2059 fidem
323 2020 575 2061 catholicam
625 2020 809 2062 statuisti
857 2020 1180 2073 suscipiendam,
1226 2019 1343 2060 illam
1389 2031 1488 2060 uero
1535 2017 1645 2071 apud

94 2085 306 2128 ”Niciam
339 2088 550 2142 scriptam,
584 2101 709 2142 quam
741 2101 814 2130 nos
846 2089 1001 2130 scimus
1034 2088 1306 2141 apostolicam
1338 2088 1646 2141 euangelicam-

144 2167 238 2208 que,
271 2155 556 2209 despuendam
587 2157 812 2199 mandaris.
851 2158 898 2198 ut
926 2159 972 2199 tu
1004 2170 1110 2198 nunc
1144 2158 1246 2198 haec
1278 2157 1368 2198 fieri
1400 2156 1644 2209 concupisti,

144 2223 204 2264 ita
246 2224 287 2265 et
324 2225 544 2267 Manasses
583 2226 774 2267 omnibus
820 2226 944 2267 idolis
982 2225 1248 2266 seruiendum
1287 2238 1377 2266 esse
1413 2225 1644 2273 mandauit,

143 2292 426 2334 recedendum
466 2306 565 2335 uero
606 2307 630 2335 a
675 2295 766 2336 deo.
839 2307 916 2336 nou
960 2306 1057 2348 ergo
1097 2294 1176 2335 erit
1215 2293 1450 2334 mirandum
1492 2293 1525 2334 si
1566 2292 1643 2333 tibi

143 2360 367 2402 uindicasti
401 2361 539 2411 aedes,
572 2374 675 2415 quas
706 2362 904 2415 colligere
937 2375 1079 2403 sumus
1111 2361 1222 2403 soliti
1255 2361 1321 2403 dei
1353 2361 1562 2414 populum,
1605 2361 1646 2401 et

92 2429 186 2469 eote
233 2429 497 2471 idololatrem
546 2429 684 2471 dixisti
732 2443 825 2472 esse
871 2430 1147 2479 catholicum,
1195 2428 1359 2482 quando
1407 2429 1555 2469 uideas
1602 2428 1644 2468 et

144 2495 385 2539 Manassem
417 2499 566 2540 fecisse
597 2499 709 2540 istud
750 2498 860 2552 quod
899 2498 945 2539 tu
976 2511 1081 2539 nunc
1106 2498 1275 2543 seceris;
1309 2497 1367 2538 sic
1400 2496 1578 2550 denique
1602 2496 1643 2537 et

144 2565 220 2607 tibi
251 2567 396 2619 parcet
428 2567 619 2608 dominus
651 2567 762 2608 uiam
793 2567 952 2608 tenenti
984 2567 1192 2615 Manasse,
1234 2564 1441 2618 quomodo
1472 2564 1532 2605 illi
1566 2577 1640 2617 pe-

145 2635 327 2688 percerit
349 2636 391 2676 et
412 2648 628 2689 quousque
650 2635 895 2689 pepercerit,
928 2635 974 2676 ut
996 2634 1195 2687 scriptum
1219 2634 1274 2674 sit
1296 2633 1498 2674 dormisse
1521 2632 1638 2673 illum

213 2760 233 2792 9
261 2770 298 2793 os
324 2770 424 2804 super
449 2771 486 2794 os
514 2760 713 2802 Latinius;
738 2759 852 2802 στόμα
878 2758 928 2797 εἰς
953 2758 1067 2801 στόμα
1086 2758 1200 2792 LXX
1296 2758 1337 2791 10
1357 2757 1445 2803 quod
1463 2758 1550 2799 fort.

146 2816 187 2849 14
216 2815 272 2859 qui
378 2817 419 2850 16
446 2818 482 2850 et
506 2817 653 2861 scripsi,
678 2819 714 2850 te
747 2817 795 2850 Va:
911 2815 955 2848 22
980 2814 1159 2858 idolorum]
1187 2814 1297 2849 cultor
1322 2815 1409 2849 add.
1438 2814 1553 2848 coleti

142 2872 311 2906 haeresim
336 2884 357 2907 v
449 2873 493 2907 23
519 2874 586 2918 qui]
614 2874 695 2917 quia
712 2873 892 2907 Latini-us
984 2871 1029 2904 24
1054 2873 1138 2915 aput
1230 2871 1274 2905 29
1292 2872 1326 2905 in
1346 2882 1429 2915 quas
1450 2870 1641 2912 Latinius,

144 2939 209 2973 quo
227 2929 315 2971 fort.
409 2929 452 2963 30
477 2929 661 2964 idolatrem
695 2931 733 2965 V.
760 2929 983 2963 idololatram
1012 2939 1029 2963 ι·
