1934 3278
586 297 638 331 De
665 298 784 331 sancto
810 296 1003 330 Athanasio
1030 296 1117 331 liber
1139 296 1165 331 I.
1542 299 1617 342 101

134 424 235 464 haec
268 424 429 471 cuncta,
461 423 509 463 ut
529 422 686 472 Achab,
718 423 978 476 perpetratus
1000 422 1127 464 fueris
1148 422 1259 464 mala
1286 435 1332 463 ac
1355 424 1616 477 perpetreris.

133 491 207 532 sed
239 502 317 532 non
350 491 432 541 diu,
465 492 542 533 nisi
571 492 614 533 te
645 492 900 533 conuerteris
932 493 984 533 ad
1017 492 1153 542 deum,
1188 504 1278 533 esse
1309 493 1464 545 poteris
1495 493 1617 546 inpu-

131 559 254 610 nitus,
287 573 380 602 cum
410 573 555 602 cernas
588 573 693 614 quae
723 561 954 614 receperint
984 561 1128 602 Achab
1161 561 1203 602 et
1224 561 1399 602 Iezabel.
1453 561 1487 602 si
1511 561 1618 602 enim

132 627 288 679 Achab,
323 629 431 671 sicut
462 629 498 670 ei
530 629 665 671 fuerat
684 630 930 682 promissum
963 641 1031 670 ore
1052 629 1212 679 Heliae,
1243 629 1397 679 interit,
1430 629 1464 670 si
1495 641 1619 670 canes

96 698 356 739 scomedunt
387 697 563 746 Iezabel,
594 698 639 738 tu
673 697 754 738 eris
788 710 811 738 a
838 697 966 739 tantis
998 698 1207 750 inpunitus
1238 698 1518 740 facinoribus?
1549 697 1618 751 qui

131 777 209 808 non
241 767 374 808 solum
412 779 489 808 non
531 766 647 808 doles
684 765 941 808 interfecisse
980 767 1021 808 te
1055 766 1131 808 deo
1163 766 1432 820 mancipatos,
1474 766 1545 808 sed
1578 767 1620 807 et

132 833 265 876 adhuc
297 835 499 889 glorieris,
533 835 773 876 existimans
804 835 908 876 bene
939 835 980 876 te
1014 834 1176 876 fecisse.
1236 847 1310 877 nec
1342 835 1492 876 mirum
1523 847 1618 876 cum

127 903 340 957 praescius
371 904 601 945 futurorum
633 903 750 945 cuius
779 904 825 944 tu
857 904 1029 957 negator
1061 916 1104 944 es
1137 903 1285 946 dixerit
1314 904 1355 945 in
1378 903 1616 957 euangelio:

128 973 267 1014 ueniet
296 972 410 1023 hora,
441 976 477 1015 et
508 973 645 1014 omnis
674 973 747 1026 qui
777 986 850 1014 uos
881 973 1075 1015 occiderit
1105 976 1228 1025 putet
1255 986 1297 1015 se
1326 973 1512 1027 officium
1542 972 1614 1013 deo

78 1051 111 1076 10
126 1040 281 1097 facere3
326 1042 396 1083 sed
434 1041 505 1084 hoc
534 1041 712 1094 faciunt,
752 1042 855 1095 quia
891 1042 1079 1083 nesciunt
1118 1056 1247 1095 neque
1280 1045 1447 1095 patrem
1486 1055 1615 1094 neque

125 1110 298 1151 unicum
327 1110 467 1163 filium
497 1111 598 1152 eius.

183 1178 273 1220 XX.
308 1178 452 1220 Sciens
481 1179 526 1219 tu
561 1178 716 1232 degens
748 1178 835 1220 sine
866 1179 1013 1221 notitia
1045 1179 1110 1220 dei
1141 1179 1401 1232 persequeris
1432 1179 1614 1220 Athana-

126 1247 234 1289 sium
265 1260 366 1288 uera
394 1247 470 1289 tibi
504 1247 723 1297 dicentem,
765 1259 813 1288 ex
842 1247 929 1288 toto
962 1248 1169 1288 amantem
1203 1248 1324 1289 deum
1357 1247 1493 1289 corde.
1554 1246 1613 1288 sic

127 1317 168 1357 et
198 1316 342 1357 Achab
373 1316 617 1369 persecutus
648 1315 828 1357 Heliam.
891 1315 964 1357 sed
997 1315 1092 1357 uide
1125 1316 1279 1357 exitum
1309 1315 1458 1357 Heliae
1491 1316 1614 1368 atque

75 1398 108 1424 ιε»
123 1384 280 1426 inimici
313 1384 401 1426 eius
432 1385 589 1426 Achab.
649 1384 815 1426 Heliam
847 1384 1039 1438 conspice
1060 1385 1309 1426 translatum
1333 1384 1386 1425 ad
1409 1383 1614 1425 amicitias

125 1452 191 1495 dei
222 1452 493 1507 perfruendas
524 1454 727 1503 aeternas,
769 1454 810 1494 et
839 1465 944 1494 nunc
978 1452 1122 1494 Achab
1143 1454 1360 1506 torquetur
1391 1453 1432 1494 in
1464 1451 1612 1493 exteri-

124 1522 263 1564 oribus
293 1522 488 1564 tenebris.
552 1522 616 1563 est
644 1522 790 1563 Helias
830 1521 879 1563 de
913 1521 979 1563 dei
1010 1521 1196 1575 gaudens
1229 1521 1436 1571 amicitiis,
1479 1521 1520 1561 et
1551 1520 1614 1561 est

123 1592 267 1633 Achab
299 1590 514 1632 exsoluens
545 1592 766 1644 perpetuas
796 1602 962 1643 poenas.
1025 1590 1101 1631 erit
1143 1590 1228 1631 sine
1269 1589 1391 1631 dubio
1422 1589 1612 1630 Athana-

124 1661 210 1703 sius
240 1660 280 1701 in
313 1659 517 1710 conuiuio,
549 1659 619 1701 ubi
652 1660 715 1701 est
744 1659 911 1707 Helias3
960 1659 1001 1700 et
1037 1659 1082 1700 tu
1116 1659 1195 1700 eris
1226 1658 1266 1699 in
1298 1658 1388 1700 loco
1420 1657 1491 1699 illo
1521 1658 1611 1698 tor-

68 1745 106 1770 20
122 1730 368 1778 mentorum,
402 1728 479 1769 nisi
509 1728 585 1769 tibi
607 1728 876 1779 consulueris,
909 1728 949 1769 in
972 1740 1051 1781 quo
1075 1727 1282 1769 detinetur
1303 1727 1460 1777 Achab,
1493 1726 1611 1768 cuius

121 1798 162 1839 in
195 1798 383 1839 omnibus
413 1797 597 1839 imitator
627 1797 831 1850 reperiris.
891 1797 1003 1838 istud
1036 1797 1099 1838 est
1130 1809 1287 1850 sapere,
1328 1796 1375 1837 ut
1413 1795 1611 1849 elegisses

120 1866 407 1908 infelicitatem
440 1866 650 1907 aeternam
681 1866 825 1907 Achab
855 1866 965 1919 regis
988 1879 1111 1919 quam
1142 1866 1222 1907 frui
1244 1865 1489 1907 felicitatem
1511 1876 1608 1918 per-

121 1936 310 1988 petuam,
358 1946 481 1987 quam
522 1935 586 1975 est
622 1935 869 1975 consecutus
908 1934 1081 1976 Helias?
1140 1935 1258 1976 cuius
1294 1935 1609 1977 translationem

120 2002 302 2056 loquitur
334 2003 538 2056 scriptura
567 2003 609 2044 in
641 2003 787 2056 quarto
817 2003 1054 2057 Regnorum
1084 2003 1190 2046 libro
1224 2004 1385 2046 dicens:
1417 2003 1610 2046 euntibus

66 2084 102 2111 ¹⁵
121 2074 261 2113 autem
291 2071 380 2113 illis
410 2074 446 2112 et
477 2072 738 2125 loquentibus
767 2085 852 2114 ecce
881 2085 1030 2114 currus
1059 2073 1206 2127 iyneus
1236 2076 1275 2115 et
1303 2074 1395 2127 equi
1417 2074 1539 2128 iynei,
1572 2076 1608 2113 et

119 2139 391 2195 sepa<ra>uit
421 2140 533 2182 inter
561 2142 768 2193 utrosque.
799 2142 838 2182 et
864 2141 1054 2182 ascendit
1084 2141 1235 2183 Helias
1263 2142 1311 2183 in
1341 2142 1608 2184 commotione

120 2209 242 2260 quasi
271 2209 319 2249 in
348 2208 523 2250 caelum.
582 2211 622 2251 et
650 2208 871 2251 Helisaeus
901 2209 1080 2263 uidebat,
1118 2213 1157 2251 et
1192 2211 1280 2264 ipse
1322 2210 1532 2253 clamabat
1573 2213 1608 2250 et

120 2276 248 2318 dixit:
277 2279 412 2329 pater,
436 2279 577 2330 pater,
610 2278 796 2332 ayitator
815 2278 966 2320 Israel.
998 2282 1037 2320 ct
1055 2292 1142 2321 non
1162 2279 1273 2321 uidit
1294 2293 1387 2322 eum
1407 2278 1604 2331 amplius.

119 2356 198 2385 non
230 2357 382 2386 nouum
414 2345 530 2386 nobis
560 2346 679 2387 tuum
709 2346 908 2387 haeretici
939 2347 1095 2388 factum
1127 2347 1278 2400 poterit
1299 2347 1444 2396 uideri,
1477 2346 1511 2387 si
1533 2358 1606 2387 nos

66 2413 381 2466 mpersequaris
414 2413 566 2455 domini
605 2414 857 2465 sacerdotes,
904 2427 998 2456 cum
1037 2416 1078 2457 in
1118 2415 1222 2458 libro
1261 2416 1602 2469 Paralipomenon

253 2537 273 2570 9
297 2535 367 2571 Ioh.
396 2537 448 2575 16,
474 2537 495 2570 2
587 2538 629 2571 24
655 2537 720 2571 1111
746 2538 828 2583 Reg.
855 2538 887 2578 2,
917 2539 967 2573 11.
996 2539 1036 2573 12

185 2661 206 2693 4
231 2661 317 2695 acab
411 2663 429 2695 7
455 2662 558 2696 athuc
583 2674 626 2698 m.
652 2667 671 2697 1
766 2664 786 2697 9
812 2674 871 2697 ora
896 2675 938 2698 m.
966 2668 984 2698 1
1081 2665 1122 2698 15
1147 2663 1257 2718 heliae
1350 2664 1390 2698 21
1418 2642 1604 2718 reppereris

119 2743 226 2783 (corr.
256 2752 299 2775 m.
325 2743 409 2785 rec.)
442 2743 481 2782 V,
506 2743 683 2787 reperieris
708 2754 728 2778 v
822 2743 976 2787 eligisses
1067 2743 1112 2777 22
1136 2721 1221 2798 agap
1240 2746 1347 2787 (corr.
1366 2756 1408 2779 m.
1427 2747 1511 2784 rec.)

116 2821 225 2866 magis
251 2832 351 2866 quam
375 2822 397 2856 f.
424 2822 592 2857 felicitate
616 2826 782 2868 perpetua
808 2835 826 2858 v
918 2823 960 2858 26
985 2806 1121 2868 sepz'fuit
1146 2830 1181 2868 (⁸¹
1206 2836 1249 2859 m.
1275 2826 1358 2868 rec.)
1458 2833 1603 2857 commo-

113 2890 245 2924 tionem
337 2890 380 2925 29
404 2873 548 2945 heretici
574 2896 597 2936 (⁰
623 2903 664 2926 m.
690 2894 774 2935 rec.)
808 2893 846 2933 Γ,
872 2892 1045 2927 haeretice
1070 2904 1089 2927 v
1181 2892 1224 2927 30
1248 2893 1528 2937 paralipemcnon
