1934 3278
547 225 599 259 De
625 226 745 258 sancto
770 222 965 258 Athanasio
990 222 1078 256 liber
1102 222 1145 257 11.
1520 222 1600 265 185

98 355 139 395 in
185 349 413 394 Athanasio
459 361 534 390 nec
581 360 659 389 non
708 348 749 390 et
797 347 839 389 in
880 347 997 389 nobis
1039 345 1106 389 dei
1149 359 1293 389 uerum
1336 349 1599 402 persequaris

98 422 245 464 filium.
306 431 402 461 cum
441 418 544 459 haec
583 417 644 458 ita
683 416 785 467 sint,
827 428 1049 457 censueras
1088 429 1162 458 nos
1202 416 1433 470 iungendos
1471 417 1597 458 inter-

99 488 327 531 fectoribus
345 486 654 541 prophetarum,
676 484 881 526 iustorum
905 484 1116 538 sanguinis
1139 485 1360 535 fusoribus,
1383 487 1597 528 consacri-

99 558 205 613 legis
235 557 332 607 tuis,
364 557 442 598 hoo
475 555 538 596 est
558 553 741 605 Iudaeis,
773 553 958 607 ipsorum
981 553 1179 595 uidelicet
1202 554 1299 607 quia
1321 554 1378 595 sis
1399 554 1596 597 imitator.

64 642 81 667 5
100 639 173 669 nee
194 626 302 668 enim
322 624 404 666 alia
427 623 477 665 de
508 635 552 664 re
576 622 866 664 Athanasium
883 623 1080 664 damnate
1103 623 1257 674 dixisti,
1291 624 1597 678 susciperemus

102 696 228 738 etiam
259 694 369 736 Arrii
400 692 529 735 fidem
559 691 782 741 mandasti,
823 691 899 732 nisi
932 692 978 732 ut
1011 692 1051 732 et
1081 691 1121 732 iu
1156 692 1351 734 effusione
1383 693 1597 747 sanguinis

98 764 302 806 iustorum
350 762 391 804 et
430 762 470 802 in
511 759 701 814 negando
742 760 908 802 unicum
950 759 1014 801 dei
1048 760 1179 801 filium
1219 773 1340 814 pares
1372 761 1598 803 fuissemus

100 832 363 881 Iudaeorum,
396 842 570 884 quorum
601 830 685 871 iarn
716 830 761 870 tu
794 830 850 870 sis
881 829 922 870 in
955 829 1143 871 omnibus
1175 830 1395 883 particeps.
1431 830 1597 872 sienim

98 901 159 942 illi
192 900 414 953 prophetas
445 899 756 948 interemerunt,
799 910 869 939 eos
902 897 970 951 qui
1013 897 1063 938 de
1098 897 1279 939 aduentu
1319 898 1598 952 loquebantur

49 985 83 1010 ιο
99 969 209 1011 unici
243 968 309 1009 dei
341 967 431 1017 filii,
480 968 520 1008 et
558 967 603 1007 tu
644 978 714 1007 eos
753 965 954 1007 interficis
994 966 1063 1019 qui
1104 966 1186 1007 sint
1223 966 1441 1008 credentes
1489 967 1597 1009 sieut

99 1036 367 1078 crediderunt
397 1035 634 1089 prophetae.
698 1034 772 1076 sed
812 1034 1010 1088 quamdiu
1053 1034 1103 1076 de
1139 1035 1201 1076 his
1233 1048 1327 1076 cum
1368 1036 1597 1085 incredulo,

99 1119 193 1147 eum
225 1104 511 1159 proposuerim
549 1103 625 1145 tibi
664 1103 932 1145 manifestare
973 1116 1099 1145 unum
1130 1105 1171 1145 te
1205 1116 1295 1145 esse
1328 1116 1375 1145 ex
1406 1104 1503 1155 illis,
1545 1105 1598 1146 ad

99 1187 202 1228 quos
234 1173 337 1215 dicit
370 1173 582 1215 dominus:
628 1173 715 1215 ideo
746 1172 837 1214 dico
867 1173 997 1227 uobis,
1038 1173 1143 1225 quia
1173 1172 1390 1225 auferetur
1421 1188 1448 1215 a
1482 1173 1598 1215 uobis

96 1257 273 1298 reynum
302 1244 382 1297 dei,
428 1246 468 1285 et
503 1243 675 1286 dabitur
710 1243 826 1298 qenti
862 1243 1040 1296 facienti
1075 1244 1265 1296 fructum
1295 1243 1418 1283 eius?
1464 1255 1598 1295 neque

47 1334 81 1360 15
101 1313 208 1355 enim
238 1314 284 1354 tu
315 1313 356 1354 in
386 1312 511 1366 gente
543 1312 619 1353 hac
655 1324 712 1362 es,
746 1324 852 1365 quae
873 1311 1034 1353 fructus
1055 1311 1292 1353 inueniatur
1314 1311 1451 1352 facere
1473 1310 1597 1352 iusti-

96 1383 195 1432 tiae,
227 1383 275 1424 ut
304 1395 383 1423 non
415 1394 520 1423 unus
553 1393 644 1423 esse
675 1380 953 1434 pronuntieris
987 1393 1034 1421 ex
1065 1380 1163 1429 illis,
1197 1393 1299 1433 quos
1330 1380 1472 1433 pulsos
1506 1392 1597 1421 esse

99 1465 122 1494 a
154 1451 221 1493 dei
251 1463 378 1504 regno
409 1451 576 1504 propter
613 1450 817 1492 iustorum
850 1462 994 1491 neceni
1029 1450 1070 1489 et
1100 1449 1437 1490 incredulitatem
1479 1462 1598 1490 suam

99 1521 257 1563 audias.
292 1531 382 1561 esse
414 1520 455 1560 te
490 1519 661 1560 aduerte
693 1519 796 1560 haec
830 1518 1013 1572 gerendo
1045 1518 1151 1559 iuter
1173 1517 1281 1569 illos,
1315 1529 1490 1571 quorum
1521 1530 1597 1558 ne-

100 1589 252 1643 quitias
293 1588 481 1642 aperiens
522 1587 625 1628 dicit
665 1587 876 1630 dominus:
925 1588 1064 1629 simite
1094 1590 1151 1628 est
1181 1599 1357 1640 reqnum
1386 1586 1599 1628 caelorum

47 1659 259 1702 zohomini
290 1658 390 1711 reqi,
430 1658 504 1710 qui
533 1657 632 1710 feeit
663 1657 838 1710 nuptias
868 1656 960 1710 filio
990 1669 1065 1697 suo
1096 1657 1135 1697 et
1173 1655 1292 1697 misit
1328 1667 1472 1697 seruos
1501 1668 1599 1696 suos

98 1728 155 1770 ad
189 1727 393 1768 inuitatos
424 1725 480 1767 acl
501 1726 689 1778 nuptias,
723 1726 765 1766 et
785 1725 912 1766 infra:
945 1727 983 1766 et
1004 1725 1231 1767 noluerunt
1253 1724 1412 1766 uenire.
1449 1724 1600 1765 iter-um

102 1796 219 1839 misit
249 1795 307 1837 ad
337 1794 437 1836 illos
465 1807 607 1836 seruos
637 1794 804 1836 dicens:
833 1794 958 1836 dicite
989 1793 1210 1836 inuitatis:
1250 1806 1335 1835 ecce
1357 1792 1599 1846 prandium

95 1865 260 1918 paraui
290 1876 426 1906 meum
436 1877 448 1915 ,·
478 1863 596 1905 tauri
627 1863 708 1904 mei
747 1865 784 1904 et
813 1863 1018 1916 sayinata
1039 1862 1175 1903 occisa
1204 1864 1242 1903 et
1261 1862 1407 1903 omnia
1420 1864 1598 1916 parata,

99 1934 239 1976 uenite
268 1931 326 1975 ad
356 1932 544 1986 nuptias.
580 1931 647 1972 illi
678 1934 818 1973 autem
848 1930 1120 1984 neqleoeerunt
1148 1934 1184 1972 et
1215 1930 1409 1973 abierunt
1440 1930 1522 1972 alii
1551 1930 1601 1971 in

49 2002 255 2045 zsuillam
285 2014 420 2050 suam,
454 1999 538 2042 alii
568 2013 668 2042 uero
699 1999 757 2042 ad
787 2000 1115 2054 neyotiationem
1144 2012 1267 2040 suam
1277 2011 1293 2050 ;
1324 1998 1480 2053 reliqui
1500 2012 1600 2040 uero

101 2073 324 2114 tenuerunt
354 2081 494 2112 seruos
524 2069 614 2111 eius
643 2071 683 2111 et
710 2069 962 2112 contumelia
998 2068 1182 2121 adfectos
1220 2067 1470 2110 occiderunt.
1530 2066 1601 2109 ille

100 2154 175 2182 rex
206 2153 301 2182 cum
324 2139 526 2189 audisset,
558 2138 697 2180 iratus
726 2140 785 2180 est
814 2141 850 2179 et
880 2137 999 2179 misit
1028 2137 1256 2179 exercitum
1285 2149 1410 2177 suum
1439 2138 1478 2178 et
1498 2149 1600 2189 per-

100 2209 213 2251 didit
242 2208 476 2251 homicidas
515 2207 611 2250 illos
651 2210 688 2250 et
730 2207 926 2250 ciuitates
962 2220 1105 2249 eorum
1145 2205 1343 2248 incendit.
1406 2207 1506 2247 tune
1536 2205 1601 2246 ait

98 2278 233 2319 seruis
262 2277 374 2320 suis.-
411 2277 586 2330 nuptiae
615 2276 783 2330 quidem
805 2278 992 2330 paratae
1020 2278 1134 2328 sunt,
1175 2275 1245 2317 sed
1273 2275 1347 2328 qui
1377 2276 1502 2316 erant
1534 2274 1599 2314 in-

50 2358 87 2386 ao
100 2346 230 2388 uitati
259 2358 345 2388 non
373 2345 549 2399 fuerunt
577 2345 724 2399 diyni3
756 2345 808 2387 ite
838 2358 933 2399 erqo
965 2344 1022 2387 ad
1052 2345 1189 2387 exitus
1220 2344 1394 2385 uiarum
1423 2345 1462 2384 et
1481 2355 1600 2395 quos·

99 2427 269 2468 cumque
298 2414 552 2456 inueneritis
582 2416 725 2456 uocate
754 2413 812 2455 ad
842 2413 1032 2467 nuptias.
1065 2415 1103 2454 et
1122 2412 1274 2466 eqressi
1294 2411 1410 2453 serui
1435 2411 1480 2451 in
1501 2410 1599 2451 uias

99 2485 457 2536 conyreqauerunt
476 2484 670 2536 quotquot
689 2482 949 2524 inuenerunt
968 2480 1100 2523 malos
1121 2484 1158 2522 et
1178 2481 1315 2534 bonos,
1348 2482 1385 2521 et
1406 2477 1601 2531 impletae

100 2553 199 2592 sunt
227 2550 403 2604 nuptiae
433 2564 462 2592 a
490 2549 856 2593 discumbentibus.
892 2549 1074 2590 intrauit
1095 2551 1235 2590 autem
1263 2562 1350 2598 rex,
1372 2550 1419 2589 ut
1438 2546 1600 2589 uideret

238 2708 280 2745 13
303 2708 432 2744 Matth.
457 2708 514 2751 21,
539 2708 584 2743 43
680 2709 721 2744 19
746 2708 794 2742 ib.
818 2707 876 2747 22,
901 2707 933 2742 2.
959 2707 981 2741 3
1074 2707 1116 2743 21
1144 2706 1191 2741 ib.
1215 2706 1272 2751 22,
1296 2706 1408 2741 3-14

169 2843 209 2878 21
237 2843 379 2879 nubtias
473 2847 510 2880 et
532 2843 624 2880 infra
646 2845 735 2888 sort.
753 2844 1000 2889 expungenda
1093 2843 1138 2878 26
1162 2820 1327 2887 sor'uoeic)
