1934 3278
1591 267 1619 294 v

108 378 179 419 ille
212 378 420 432 congessit
451 377 650 430 exemplis
682 377 841 419 instr.I
873 376 914 426 3,
946 376 972 418 9
995 389 1081 432 sqq.
1095 376 1144 430 ⁹),
1177 378 1247 432 qui
1278 378 1392 420 locus
1425 390 1504 420 non
1537 379 1622 421 for-

106 447 260 488 tuitam
300 445 620 488 similitudinem
660 457 755 487 cum
787 445 932 488 Horat.
965 446 1146 488 carmine
1179 446 1239 488 IV
1268 447 1310 502 8,
1341 448 1368 490 5
1400 460 1488 502 sqq.
1527 461 1625 502 prae

107 527 150 558 se
182 514 275 556 sert.

172 595 289 637 Idem
334 594 640 636 Lucretium
687 607 849 648 quoque
896 593 1192 638 Commodiano
1240 595 1454 650 cognitum
1500 596 1627 638 fuisse

108 663 270 707 duobus
300 664 522 717 propositis
554 663 752 719 exemplis
784 663 903 706 docet
922 663 991 716 1⁰),
1030 677 1157 706 carm.
1190 665 1296 718 apol.
1328 678 1368 706 u.
1404 665 1499 716 123,
1532 664 1623 706 coll.

107 734 270 776 Lucret.
303 733 361 775 IV
393 734 491 784 569,
523 733 589 775 ΙΙΙ
621 733 705 775 222
737 736 779 775 et
810 746 851 775 u.
886 733 970 775 876
1006 733 1136 789 (883),
1171 734 1264 776 coll.
1287 734 1453 776 Lucret.
1486 733 1507 775 I
1529 733 1625 775 278-

107 803 241 845 Multo
274 802 458 856 apertius
490 803 629 845 autem
663 815 709 845 ea
740 815 806 845 res
839 803 987 855 elucet,
1021 803 1092 845 ubi
1125 803 1431 857 comparaueris
1461 804 1623 845 Lucret.

108 871 143 912 V
166 870 274 913 221;
307 883 433 924 quare
464 883 600 914 mors
630 871 898 913 inmatura
928 873 1155 926 uagatur
1187 874 1228 913 et
1259 870 1472 914 Commod.
1504 870 1622 912 instr.

108 942 125 983 I
162 941 227 994 16,
259 941 306 982 4:
354 940 461 982 inter
493 941 716 994 utrumque
748 940 838 983 uias
880 952 1016 982 mors
1059 941 1332 983 inmatura
1374 943 1625 995 uagatur,

108 1010 270 1052 Lucret.
305 1009 347 1050 ΙΙ
391 1010 486 1058 763,
535 1009 594 1050 IV
625 1009 737 1052 570:
786 1009 1056 1052 rationem
1103 1012 1323 1052 reddere
1370 1009 1539 1063 possis
1586 1012 1625 1050 et

108 1077 318 1120 Commod.
362 1078 479 1119 instr.
520 1078 647 1128 116,
693 1079 766 1120 13:
812 1078 1076 1121 rationem
1122 1079 1344 1121 reddere
1390 1078 1624 1131 possint.

107 1146 539 1188 Animaduertendum
578 1148 642 1189 est
680 1147 749 1189 1110
785 1147 848 1190 bis
880 1147 923 1189 in
956 1159 1034 1189 uno
1068 1145 1358 1189 Commodiani
1389 1146 1623 1189 acrosticho

109 1215 360 1256 Lucretiana
390 1215 519 1257 uerba
549 1227 773 1258 recurrere.

165 1295 288 1337 Errat
322 1295 455 1349 igitur
486 1294 696 1337 Martinus
727 1295 881 1347 Hertz,
928 1308 1028 1349 pace
1068 1296 1150 1338 uiri
1191 1308 1354 1337 summe
1402 1292 1623 1336 uenerandi

107 1363 292 1414 dixerim,
325 1377 419 1406 cum
452 1367 588 1406 censet
619 1365 994 1407 instructiones
1027 1365 1188 1407 nullam
1219 1364 1486 1419 antiquarum
1508 1362 1624 1404 litte-

108 1444 247 1475 rarum
279 1432 523 1475 memoriam
555 1434 756 1476 suscitare
775 1434 844 1487 1¹).

165 1513 214 1555 In
246 1513 328 1555 alia
359 1526 519 1567 quoque
550 1526 593 1555 re
624 1513 690 1556 uir
722 1513 988 1557 doctissimus
1012 1513 1186 1555 fallitur.
1238 1512 1558 1555 Commodianus
1581 1511 1622 1552 in

108 1595 234 1625 carm.
268 1582 376 1635 apol.
408 1595 447 1624 u.
479 1582 564 1624 583
594 1594 657 1636 sq.
688 1583 791 1624 haec
822 1583 949 1625 dicit:

224 1650 503 1705 Vergilius
534 1650 708 1705 legitur,
752 1650 931 1693 Cicero
963 1653 1036 1692 aut
1068 1650 1353 1693 Terentius
1386 1649 1509 1702 item3

222 1718 299 1760 Nil
330 1719 407 1760 nisi
441 1731 508 1761 cor
540 1719 723 1771 faciunt,
757 1722 940 1761 ceterum
973 1719 1021 1760 de
1053 1719 1143 1760 uita
1173 1719 1334 1761 siletur.

110 1798 343 1853 Vtcumque
377 1799 504 1842 uerba
527 1798 615 1841 ‘cor
639 1797 811 1842 faciunt'
845 1801 918 1842 aut
946 1799 1255 1853 interpretanda
1276 1801 1349 1842 aut
1371 1798 1625 1840 emendanda

110 1871 229 1910 sunt:
274 1868 381 1911 illud
421 1872 581 1911 certum
628 1872 693 1912 est
743 1869 998 1924 Vergilii,
1046 1868 1340 1919 CiceroniS,
1388 1868 1625 1910 Terentii

110 1938 295 1980 studium
327 1937 394 1980 hic
426 1939 680 1993 uituperari3
726 1939 775 1981 de
806 1938 1050 1988 Horatio,
1091 1951 1215 1992 quem
1252 1938 1303 1979 ab
1335 1937 1425 1991 ipso
1456 1937 1623 1978 lectita-

110 2009 202 2049 tum
232 2020 316 2049 esse
347 2009 529 2061 apparet,
563 2007 907 2050 Commodianum
939 2010 1087 2050 tacere.
1138 2007 1229 2049 Hoc
1260 2005 1472 2048 Martinus
1493 2004 1625 2047 Hertz

112 2089 135 2118 a
165 2076 458 2119 Commodiano
490 2077 760 2119 callidissime
793 2076 1008 2119 existimat
1047 2076 1206 2118 factum
1251 2088 1359 2127 esse,
1408 2078 1456 2117 ut
1486 2075 1624 2128 palam

111 2144 364 2199 Vergilii,
408 2144 698 2197 CiceroniS‚
742 2146 983 2187 Terentii
1032 2147 1362 2199 contemptorem
1404 2147 1545 2199 ageret
1584 2145 1626 2184 et

111 2212 163 2255 ab
197 2226 338 2254 eorum
370 2213 606 2255 imitatione
639 2214 681 2255 in
715 2214 972 2256 carminibus
1012 2214 1098 2255 suis
1131 2216 1318 2264 caueret,
1368 2211 1624 2254 clandestino

112 2282 253 2323 autem
287 2282 518 2333 Horatii,
565 2284 612 2324 de
644 2295 722 2336 quo
754 2284 889 2331 tacet,
937 2282 1074 2324 studio
1115 2282 1291 2325 lectores
1330 2294 1426 2323 suos
1458 2280 1625 2322 falleret

113 2349 285 2403 ideoque
316 2350 422 2392 clam
456 2350 593 2392 ridens
626 2363 771 2393 manus
803 2351 882 2393 sibi
914 2351 1160 2405 perfricaret
1191 2351 1292 2402 siue,
1326 2354 1372 2392 ut
1403 2349 1625 2392 01111111ἰο-

113 2419 245 2469 mani,
279 2419 320 2459 in
352 2419 443 2461 sinu
474 2420 671 2475 gauderet
690 2420 759 2469 ¹²).

171 2497 204 2540 Ο
246 2498 454 2540 hominem
503 2502 805 2551 ueteratorem‚
852 2501 886 2541 si
934 2501 1088 2555 egisset
1134 2501 1222 2542 tam
1268 2499 1438 2541 callide!
1495 2497 1627 2551 Atqui

115 2565 458 2617 Vergilianae
500 2581 659 2622 quoquc
698 2571 739 2610 et
781 2569 972 2611 lectionis
1012 2572 1053 2611 et
1091 2569 1339 2611 imitationis
1370 2568 1413 2609 in
1447 2568 1623 2620 utroque

175 2706 196 2742 ¹¹)
222 2705 275 2739 (212
303 2707 492 2740 comment.
520 2707 598 2739 erit.

173 2761 214 2802 ¹⁰)
241 2762 351 2797 Indic.
378 2763 517 2797 lection.
543 2775 575 2807 p.
601 2766 634 2799 8.

174 2817 212 2857 ¹¹)
240 2818 331 2852 Ibid.
357 2830 389 2863 p.
416 2820 446 2853 ⁶3.

174 2874 210 2915 ¹²)
238 2874 330 2909 Ibid.
