1934 3278
220 220 271 261 16
875 220 1074 254 Luciferi

276 346 391 389 VIII.
424 346 588 387 Idcirco
623 347 762 387 autem
796 347 906 399 apud
935 347 977 387 te
1005 347 1098 388 odio
1119 347 1372 397 laboramus,
1406 347 1504 399 quia
1523 347 1724 388 fuerimus

217 415 454 456 metuentes
487 415 612 467 atque
646 427 802 465 sumus,
836 427 885 455 ne
917 414 993 455 illa
1021 415 1200 456 fuissent
1232 415 1345 456 dicta
1378 415 1428 456 de
1466 416 1582 457 nobis
1616 428 1721 468 quae

219 483 315 523 sunt
347 482 460 523 dicta
493 483 543 523 de
574 483 658 524 illis
692 483 988 534 desertoribus,
1021 485 1098 525 hoc
1133 484 1197 525 est
1219 483 1388 525 Iudaeis
1421 497 1523 537 quos
1559 485 1725 525 incusat

217 551 454 593 Hieremias
495 551 658 593 dicens:
707 553 848 593 audite
888 553 1061 593 uerbum
1106 553 1291 602 domini,
1339 553 1486 594 domus
1525 553 1648 594 Iacob
1687 556 1723 594 et

218 620 356 661 omnis
388 620 532 661 domus
562 620 714 663 Israel.
746 620 847 662 haec
878 621 982 662 dicit
1013 622 1232 663 dominus.-
1263 621 1364 673 quid
1386 622 1643 663 inuenerunt
1675 622 1724 662 in
1758 640 1775 666 5

217 702 280 729 me
302 690 451 741 patres
481 689 614 730 uestri
645 690 940 742 contumaciae,
973 691 1080 742 quod
1112 692 1367 731 recesserunt
1398 690 1517 743 lonye
1549 703 1576 730 a
1598 703 1660 730 me
1686 692 1724 730 et

218 756 412 797 abierunt
434 759 534 809 post
564 770 842 812 superuacua,
889 762 925 799 et
954 759 1156 811 frustrati
1186 761 1287 800 sunt
1316 761 1354 799 et
1383 772 1469 799 non
1499 758 1723 800 dixerunt:

216 824 287 865 ubi
332 828 391 866 est
436 826 536 867 deus
573 827 647 879 qui
689 826 885 867 liberauit
916 840 992 868 nos
1022 827 1070 868 de
1100 830 1214 868 terra
1245 826 1435 880 Aeyypti,
1476 827 1550 879 qui
1581 827 1722 868 eduxit

217 906 292 935 nos
313 894 512 935 ducatum
533 894 744 947 praebens
773 895 822 936 in
851 896 1008 937 deserto
1038 896 1087 936 in
1118 899 1234 937 terra
1264 896 1429 937 inculta
1460 899 1499 937 et
1518 896 1663 950 iynota
1685 900 1721 937 et

216 962 264 1002 in
295 965 410 1003 terra
439 963 529 1003 sine
561 977 675 1016 aqua
704 966 741 1004 et
770 964 860 1005 sine
889 964 1044 1016 fructu,
1077 965 1260 1006 interra
1290 966 1338 1005 in
1374 978 1459 1017 qua
1479 979 1596 1006 nemo
1618 979 1720 1006 com·
1744 984 1774 1008 10

217 1031 372 1071 meauit
403 1031 485 1086 uir,
519 1045 647 1084 neque
678 1035 955 1074 commoratus
976 1036 1036 1074 est
1058 1033 1113 1074 ibi
1133 1032 1250 1086 filius
1271 1032 1464 1083 hominis,
1495 1036 1531 1074 et
1552 1034 1724 1075 induxit

215 1111 286 1139 uos
317 1099 365 1139 in
398 1099 651 1150 Carmelum,
684 1103 732 1141 ut
760 1102 1074 1142 manducaretis
1104 1101 1292 1154 fructum
1323 1102 1411 1143 eius
1432 1105 1471 1143 et
1489 1102 1599 1143 bona
1620 1102 1722 1153 eius,

215 1170 254 1208 et
297 1168 492 1209 intrastis
538 1171 576 1209 et
619 1169 927 1222 coinquinastis
973 1173 1147 1223 terram,
1193 1173 1230 1211 ct
1274 1169 1542 1211 hereditatem
1588 1184 1727 1211 meam.

212 1238 415 1288 posuistis
444 1238 493 1278 in
533 1238 923 1280 exterminationem
934 1253 946 1291 ;
990 1240 1222 1281 sacerdotes
1258 1252 1346 1280 non
1385 1239 1606 1281 dixerunt:
1650 1239 1723 1280 ubi

215 1309 275 1348 est
302 1306 514 1357 dominus,
545 1310 582 1348 et
611 1308 795 1349 seniores
827 1307 929 1361 leyis
960 1321 1073 1349 meae
1093 1308 1333 1348 nescierunt
1363 1321 1438 1362 me,
1473 1310 1512 1348 et
1525 1310 1721 1360 pastores
1742 1326 1774 1351 15

215 1377 345 1429 impie
376 1379 549 1429 eyerunt
578 1377 626 1417 in
655 1390 732 1429 me,
773 1379 810 1417 et
844 1376 1071 1428 prophetae
1106 1375 1469 1427 prophetauerunt
1508 1376 1556 1417 in
1586 1375 1721 1426 Baaz,

217 1447 256 1486 et
284 1448 383 1498 post
421 1445 602 1486 inutilia
639 1445 847 1486 abierunt.
908 1444 1121 1486 noluimus
1160 1445 1262 1485 haec
1305 1444 1448 1485 audire
1488 1445 1719 1497 opprobria,

214 1514 324 1554 unde
357 1514 398 1554 et
428 1513 672 1567 fugiendum
705 1513 884 1554 diximus
914 1514 956 1554 te
990 1525 1037 1554 ac
1059 1513 1167 1554 tuos.
1210 1525 1345 1565 neque
1369 1512 1477 1553 enim
1500 1513 1721 1554 conuenire

214 1583 379 1634 poterat
421 1582 487 1623 dei
528 1582 769 1624 domesticis
807 1581 1026 1623 uobiscum
1065 1581 1322 1634 alienigenis,
1363 1594 1458 1623 cum
1501 1581 1724 1622 uideamus-

217 1650 375 1691 dictum
409 1663 432 1691 a
468 1650 544 1692 deo
578 1649 815 1703 conperfido
845 1650 918 1691 tuo
949 1649 1012 1690 illi
1032 1650 1184 1703 populo
1207 1650 1385 1691 carnali:
1417 1653 1558 1691 auerte
1576 1651 1722 1703 pedem
1739 1668 1774 1693 20

215 1722 333 1760 tuum
377 1720 427 1760 ab
465 1733 618 1772 aspera
670 1721 747 1761 uia
787 1723 823 1761 et
862 1720 1027 1773 faucem
1067 1723 1187 1761 tuam
1226 1733 1253 1760 a
1292 1720 1376 1761 siti.
1438 1732 1544 1772 quae
1583 1722 1721 1760 autem

217 1787 349 1829 dixit:
396 1788 671 1840 confortabor,
717 1789 820 1840 quia
857 1787 1007 1830 dilexit
1044 1790 1206 1829 exteros·
1241 1789 1279 1828 et
1309 1790 1407 1840 post
1437 1787 1536 1828 illos>
1562 1787 1718 1830 abibat.

213 1856 308 1908 post
337 1869 413 1897 uos
446 1868 543 1909 ergo
578 1857 753 1906 exteros,
785 1856 880 1909 post
910 1868 985 1897 uos
1019 1855 1239 1908 allophilos
1270 1867 1350 1896 non
1382 1855 1518 1896 solum
1548 1867 1627 1896 non
1659 1855 1718 1896 ire

217 1924 438 1975 noluimus,
472 1925 546 1966 sed
579 1925 620 1966 et
652 1925 874 1966 anathema
914 1924 1035 1966 uobis
1074 1923 1173 1966 filiis
1210 1923 1479 1976 pestilentiae
1519 1936 1565 1964 ac
1597 1924 1719 1964 tene-

214 1993 382 2034 brarum
416 1993 607 2043 diximus,
640 2006 691 2034 ne
714 1994 747 2035 si
770 1993 1095 2035 recessissemus
1117 1993 1166 2034 ab
1191 1992 1421 2045 apostolica
1447 1993 1570 2045 atque
1595 2005 1718 2033 euan-
1739 2010 1772 2035 25

214 2061 352 2114 gelica
382 2061 465 2102 fide
489 2061 956 2114 derelinqueremusque
982 2061 1095 2101 uiam
1118 2073 1243 2113 quam
1263 2061 1487 2102 tenuerunt
1508 2061 1720 2102 Abraham

214 2130 334 2171 Isaac
376 2130 417 2170 et
453 2130 579 2171 Iacob
620 2130 865 2180 beatissimi,
912 2130 1021 2172 Abel
1058 2130 1201 2171 Enoch
1237 2129 1327 2170 Noe
1368 2130 1409 2170 et
1448 2129 1588 2170 cuncti
1626 2142 1718 2182 pro-

213 2198 365 2251 phetae
399 2198 575 2251 apostoli
608 2199 732 2251 atque
763 2199 980 2253 martyres,
1020 2199 1123 2240 haec
1166 2198 1293 2240 etiam
1337 2198 1451 2239 dicta
1487 2198 1666 2239 fuissent
1698 2211 1722 2239 a

216 2266 293 2307 deo
327 2266 378 2307 de
408 2267 539 2317 nobis,
574 2280 681 2320 quae
713 2267 827 2308 dicta
858 2268 953 2308 sunt
985 2267 1036 2308 de
1067 2266 1401 2320 conblasphemis
1422 2266 1508 2307 tuis
1527 2266 1718 2307 Iudaeis:

216 2336 564 2388 quemadmodum
597 2336 874 2389 confunditur
902 2338 990 2389 fur,
1023 2350 1115 2377 cnm
1146 2335 1453 2388 conprehensus
1481 2336 1626 2388 fuerit,
1659 2336 1718 2376 sic
1737 2349 1771 2376 30

215 2403 531 2456 confundentur
569 2403 654 2456 filii
690 2403 831 2445 Israel
868 2405 956 2456 ipsi
995 2407 1031 2445 et
1075 2418 1186 2458 reyes
1231 2418 1372 2446 eorum
1418 2407 1454 2445 et
1492 2405 1717 2456 principes

215 2472 404 2523 ipsorum
445 2475 482 2513 et
512 2473 743 2514 sacerdotes
784 2473 972 2525 ipsorum
1010 2476 1047 2514 et
1080 2473 1321 2526 prophetae.
1385 2471 1593 2513 noluimus
1627 2485 1716 2514 esse

348 2606 370 2639 4
395 2606 487 2642 Hier.
514 2607 547 2648 2,
572 2607 663 2642 4-8
755 2607 798 2641 20
822 2607 869 2642 ib.
894 2608 927 2649 2,
953 2608 996 2641 25
1090 2607 1134 2642 30
1158 2607 1205 2642 ib.
1230 2607 1263 2649 2,
1289 2607 1332 2642 26

284 2721 300 2752 1
330 2722 413 2763 aput
507 2720 527 2753 8
553 2721 670 2764 egypti
696 2725 729 2754 et
754 2721 831 2764 fere
856 2732 994 2765 semper
1090 2720 1133 2754 10
1160 2731 1294 2764 quamv
1388 2731 1543 2754 oonnnea
1556 2721 1626 2754 *uit

217 2777 259 2810 13
277 2778 552 2821 quoinquinastis
636 2779 677 2812 16
694 2779 821 2822 impiae
903 2778 1011 2812 bahal
1094 2777 1136 2811 18
1154 2777 1310 2811 (luximus
1329 2777 1422 2812 coni.
1440 2778 1625 2812 Latinius

214 2834 258 2867 20
276 2834 474 2878 eonperfido
493 2837 552 2868 tuo
571 2836 716 2879 scripsi,
735 2835 949 2880 conperfidet
965 2845 1008 2868 uo
1033 2836 1071 2876 V,
1091 2845 1166 2869 eum
1183 2834 1313 2879 perfido
1332 2836 1392 2868 tuo
1414 2846 1431 2868 υ
1526 2834 1586 2869 1110
1606 2847 1623 2869 v
