1934 3278
592 257 645 290 De
671 257 792 290 sancto
818 255 1012 290 Athanasio
1038 254 1127 289 liber
1152 254 1194 289 11.
1567 253 1648 296 189

147 385 348 441 plurimos
381 382 725 431 Christianorum,
768 381 870 422 alios
910 381 1071 422 detines
1110 381 1273 422 uinctos
1311 381 1352 422 in
1391 381 1645 426 carceribus,

146 455 185 495 in
218 452 454 506 ergastulis.
497 450 623 491 etiam
656 450 748 491 hinc
781 449 937 503 poteris
969 449 1113 491 uidere
1143 451 1186 491 te
1211 461 1340 491 unum
1363 462 1455 491 esse
1477 462 1525 491 ex
1545 449 1646 493 illis.

145 522 197 563 ad
245 534 347 575 quos
387 519 561 561 dicitur:
607 521 832 572 serpentes,
869 519 1090 572 yenimina
1129 520 1398 572 asperarum,
1440 518 1481 559 et
1518 517 1645 560 infra:

143 604 227 633 ecce
257 603 328 645 eqo
358 589 474 631 mitto
503 587 561 630 ad
588 600 663 629 uos
684 587 917 641 prophetas
947 590 984 629 et
1014 588 1223 640 sapientes
1253 590 1293 629 et
1320 588 1491 638 scribas,
1523 591 1560 630 et
1589 601 1640 630 ex

109 659 234 702 5illis
263 659 465 707 occidetis,
499 657 597 698 dum
629 668 706 698 non
740 668 810 697 eos
843 655 1027 709 dignaris
1059 656 1243 698 execrari
1276 669 1378 710 quos
1400 655 1545 698 uideas
1566 668 1639 710 per

145 726 426 768 abundantem
472 725 734 778 iniquitatem
771 724 888 765 tuam
926 724 1152 766 recessisse
1193 725 1244 766 ab
1276 725 1505 778 apostolica
1545 724 1628 766 fide

144 795 237 837 illos
270 807 445 848 quorum
468 793 701 847 perfrixerit
731 794 899 843 caritaS‚
924 792 997 834 sed
1020 806 1089 835 eos
1112 806 1215 847 quos
1237 793 1384 836 uideas
1405 806 1650 847 permanere

144 864 183 905 in
218 876 265 905 eo
299 864 411 904 statu
444 862 556 911 fidei,
603 862 643 903 in
676 874 756 915 quo
794 863 1010 903 manentes
1048 863 1160 904 beati
1198 863 1425 916 prophetae
1466 863 1642 917 apostoli

146 934 271 986 atque
317 932 521 986 martyres
567 931 809 972 meruerunt
847 931 1038 972 aeternas
1080 930 1146 972 dei
1187 931 1386 985 consequi
1426 932 1651 974 amicitias.

95 1016 126 1041 ιο
145 1014 224 1043 non
257 1000 366 1043 enim
400 999 509 1053 apud
540 999 837 1041 Alexandriam
868 999 1073 1040 Achetam
1096 1000 1138 1041 et
1158 999 1379 1053 Dydimam
1406 1013 1455 1042 ex
1476 1001 1649 1055 presby-

144 1070 247 1112 teris
280 1070 500 1117 execraris,
534 1069 603 1122 qui
635 1069 859 1110 noscantur
891 1081 939 1110 ex
973 1068 1220 1110 Christianis
1240 1068 1341 1110 facti
1362 1069 1541 1118 Arriani,
1575 1068 1649 1111 sed

147 1151 218 1180 eos
249 1151 352 1192 quos
385 1137 520 1180 adhuc
554 1138 773 1191 cognoscis
806 1138 917 1179 stare
948 1137 1176 1179 nobiscum.
1212 1137 1283 1178 aut
1314 1137 1348 1178 si
1381 1150 1459 1178 non
1490 1138 1550 1179 ita
1571 1137 1647 1185 est,

145 1220 219 1249 cur
258 1219 362 1249 nunc
404 1219 482 1248 non
524 1206 732 1248 execraris
772 1205 994 1260 Dydimam
1033 1207 1074 1247 et
1111 1206 1337 1255 Achetam‚
1383 1219 1486 1260 quos
1527 1208 1650 1248 antea

147 1275 436 1318 execrabaris‘?
496 1275 573 1317 nisi
614 1276 711 1328 quia
751 1276 848 1316 tunc
884 1287 907 1316 a
934 1276 976 1315 te
1008 1275 1185 1317 fuissent
1216 1275 1471 1317 execrabiles
1504 1275 1648 1317 habiti.

98 1358 129 1383 ιτ.
147 1345 244 1397 quia
276 1345 415 1386 essent
447 1344 580 1386 adhuc
608 1344 773 1385 scilicet
794 1343 1033 1394 Christiani,
1066 1356 1171 1385 nunc
1195 1356 1295 1386 uero
1318 1343 1401 1385 sint
1420 1343 1498 1385 tibi
1519 1344 1648 1385 caris-

146 1414 252 1464 simi,
297 1414 392 1467 quia
423 1413 627 1455 uidelicet
659 1426 750 1455 esse
782 1414 1020 1466 coeperunt,
1063 1414 1110 1454 ut
1138 1414 1184 1454 tu
1218 1425 1261 1454 es
1294 1413 1497 1466 apostata,
1530 1412 1647 1454 blas-

146 1482 296 1535 phemi.
371 1481 446 1523 sed
488 1482 571 1523 iam
618 1481 829 1523 credimus
875 1483 916 1523 te
956 1482 1050 1535 post
1087 1482 1226 1523 tantas
1265 1481 1529 1534 probationes
1569 1481 1645 1522 tibi

146 1551 351 1593 exhibitas
391 1552 432 1592 tc
474 1564 599 1592 unum
639 1563 731 1592 esse
764 1563 811 1592 ex
843 1550 941 1601 illis,
989 1550 1042 1591 ad
1074 1562 1175 1603 quos
1208 1549 1382 1591 dicitur:
1423 1553 1645 1602 serpentes.

143 1620 364 1673 yenimina
395 1622 661 1672 uiperarum‚
702 1619 903 1673 quomodo
940 1619 1111 1673 fuyietis
1142 1633 1169 1660 a
1206 1619 1365 1660 iudicio
1399 1618 1647 1672 yehermae?

95 1702 128 1727 20
147 1687 342 1729 daturum
364 1689 406 1730 te
429 1701 597 1742 operam
621 1701 701 1741 quo
722 1687 855 1741 possis
878 1700 1025 1729 curare
1048 1687 1224 1729 uulnera
1243 1688 1320 1730 tibi
1341 1701 1413 1742 per
1436 1687 1647 1730 diabolum

146 1756 303 1798 inflicta
324 1757 413 1798 tam
434 1757 595 1810 grauia,
619 1758 718 1811 quia
740 1759 781 1799 et
802 1757 1012 1799 homicida
1034 1757 1090 1799 sis
1113 1758 1154 1799 et
1176 1758 1425 1812 sacrilegum
1452 1771 1475 1799 a
1497 1757 1648 1811 quibus

146 1825 388 1867 criminibus
430 1826 464 1867 si
494 1826 535 1866 tc
569 1826 749 1868 nolucris
789 1825 973 1875 liberari,
1015 1826 1184 1879 sanguis
1223 1828 1321 1869 tuus
1359 1827 1594 1880 requiratur
1626 1838 1650 1866 a

145 1894 201 1940 te,
234 1906 307 1935 nos
339 1906 479 1935 coram
508 1894 584 1936 deo
617 1894 759 1936 mundi
792 1895 919 1936 futuri
954 1907 977 1935 a
1007 1895 1208 1948 sanguine
1239 1896 1324 1941 tuo.
1359 1895 1428 1948 qui
1459 1895 1534 1936 tibi
1557 1907 1649 1935 om-

147 1963 267 2004 nihus
297 1962 520 2004 ueritatem
552 1963 874 2017 patefecerimus
914 1963 1062 2005 modis.
1127 1976 1151 2005 a
1180 1965 1222 2005 te
1262 1977 1339 2005 non
1371 1964 1505 2005 solum
1538 1964 1649 2009 tuus,

95 2043 129 2069 2⁵
149 2030 224 2073 sed
256 2032 297 2072 et
329 2043 469 2073 eorum
502 2032 736 2085 requiretur
768 2032 950 2085 sanguis,
985 2045 1087 2086 quos
1121 2033 1193 2074 aut
1224 2032 1278 2073 ad
1309 2033 1525 2074 haeresem
1546 2044 1643 2085 per—

149 2099 302 2141 duxisti
335 2100 643 2153 suscipiendam
677 2102 749 2142 aut
780 2100 831 2142 ad
860 2100 1123 2142 innocentem
1154 2100 1336 2142 inlexisti
1358 2099 1646 2154 iugulandum.

205 2167 361 2210 XXIII.
396 2167 479 2210 Sed
511 2169 546 2210 si
579 2169 753 2211 dixeris:
786 2169 1032 2211 arbitrabar
1054 2170 1224 2212 illorum
1245 2169 1496 2212 catholicam
1517 2168 1648 2221 fuisse

144 2236 270 2290 fidem
300 2251 401 2290 quos
431 2238 575 2281 dicitis
606 2237 835 2291 Arrianos,
869 2238 903 2279 si
935 2238 973 2279 in
997 2237 1095 2279 fidei
1125 2238 1281 2280 nutasti
1304 2250 1445 2287 causa,
1479 2237 1647 2291 siquod

148 2305 176 2346 ii
199 2305 268 2358 qui
291 2305 462 2347 credere
486 2318 529 2347 se
553 2305 694 2348 dicant
714 2306 753 2347 in
776 2307 1012 2348 creaturam
1033 2307 1235 2360 ignorasti
1258 2307 1367 2361 quod
1391 2307 1474 2348 sint
1495 2308 1645 2348 haere-

97 2372 236 2422 sotici,
277 2373 316 2414 hi
350 2373 419 2427 qui
453 2373 596 2415 dicant
627 2374 749 2416 deum
791 2387 868 2416 non
901 2375 1052 2417 habere
1083 2388 1230 2417 uerum
1262 2375 1407 2425 filium,
1447 2374 1645 2428 numquid

152 2441 277 2482 etiam
310 2441 385 2483 hoc
418 2441 618 2495 ignorasti
661 2442 757 2495 quia
795 2455 872 2483 non
906 2443 960 2484 sit
989 2442 1145 2484 iustum
1184 2442 1326 2498 gladio
1358 2443 1550 2496 persequi
1582 2442 1649 2484 in-

288 2577 309 2611 3
335 2577 462 2613 Matth.
487 2578 543 2615 23,
570 2578 612 2612 33
706 2580 725 2612 4
753 2578 798 2614 ib.
824 2579 879 2618 23,
906 2578 949 2612 34

219 2689 240 2723 ὓ
272 2689 535 2725 habundantem
686 2691 727 2725 10
759 2694 843 2736 aput
877 2691 1079 2726 alexandria
1110 2691 1306 2726 machetam
1337 2692 1375 2735 V,
1404 2691 1649 2727 Alexandriam

151 2745 349 2780 Machetam
362 2758 401 2790 υ;
419 2758 481 2782 em.
497 2748 677 2811 Latinius
748 2749 971 2793 praesbiteris
992 2749 1031 2789 V,
1050 2748 1204 2783 diaconis
1221 2750 1315 2783 coni.
1333 2747 1561 2784 Gallandius

155 2813 197 2847 13
221 2813 416 2849 machetam
440 2816 472 2850 V
562 2817 605 2851 19
628 2799 769 2861 meina
885 2816 929 2850 20
953 2818 1001 2861 te]
1028 2820 1063 2851 et
1080 2818 1180 2861 sort„
1207 2817 1271 2852 sed
1296 2817 1343 2860 cf.
1370 2819 1452 2857 192,
1478 2821 1510 2852 1.
1534 2819 1560 2853 2

153 2869 197 2905 22
222 2869 368 2905 liberare
386 2871 473 2914 sort.
569 2874 613 2908 28
638 2876 721 2918 quot
746 2874 792 2907 hii
820 2875 862 2917 V;
887 2885 948 2908 em.
975 2874 1061 2909 Lat.
1156 2873 1201 2908 30
1224 2873 1383 2919 numquit
