1934 3278
1562 254 1641 284 x111

127 368 307 422 primum
331 367 441 422 typis
463 366 696 409 mandatae.
738 366 851 408 Tulli
873 367 1117 412 Leucorum.
1158 367 1280 421 Apud
1304 366 1406 409 Sim.
1431 367 1641 422 Belgrand

128 436 157 478 δ’.
190 437 246 479 Io.
278 437 572 486 Laurentium,
605 435 898 491 Typographos
932 437 1097 491 Regios.
1149 435 1481 480 M.DC.XLIX.
1535 435 1638 478 Cum

126 506 346 561 priuilegio
376 506 533 559 Regis.'

184 575 242 617 Ea
274 575 400 616 editio
432 585 513 628 qua
542 574 703 616 ratione
734 574 790 615 sit
820 573 1040 626 instituta,
1087 572 1283 628 quoniam
1322 572 1425 615 alias
1458 572 1540 614 iam
1574 586 1640 615 ex-

126 643 245 698 posui
264 641 332 696 99),
366 643 453 685 illic
475 654 578 696 quae
600 642 683 684 dixi
706 642 799 684 nolo
822 643 1020 696 repetere.
1067 642 1180 684 Illud
1202 644 1369 684 tantum
1391 642 1640 690 monuerim,

126 714 169 755 in
191 713 371 755 editione
393 712 576 766 principe
600 713 765 765 praeter
786 712 947 754 textum
971 712 1296 754 instructionum
1328 724 1420 754 eam
1450 711 1642 764 inprimis

126 781 363 837 appendicis
395 781 558 835 partem
591 779 767 822 alicuius
801 793 887 822 esse
920 780 1138 832 momenti,
1171 793 1253 834 qua
1275 781 1416 823 uariae
1439 780 1640 822 lectiones

128 864 173 894 ex
204 850 440 905 apographo
473 848 686 892 Sirmondi
718 850 997 904 proferuntur.

186 919 307 961 Anno
339 922 432 972 post
463 918 721 972 publicatam
754 917 985 972 principem
1017 918 1149 960 altera
1171 918 1326 971 prodiit
1347 916 1474 959 editio
1501 919 1642 960 eodem

127 988 296 1031 homine
330 988 450 1030 docto
483 990 670 1037 curante,
704 987 819 1029 cuius
851 987 953 1030 haec
984 988 1048 1029 est
1078 986 1318 1040 inscriptio:

183 1056 491 1099 ‘Commodiani
538 1056 838 1098 Instructiones
885 1055 1082 1098 aduersus
1121 1054 1320 1097 Gentium
1369 1055 1490 1097 Deos.
1562 1053 1644 1096 Pro

129 1126 355 1169 christiana
388 1124 624 1180 disciplina.
677 1125 880 1178 Tempore
903 1123 1098 1167 Siluestri
1128 1124 1175 1166 P.
1199 1125 1249 1167 R.
1271 1125 1347 1167 sub
1370 1122 1644 1166 Constantino

129 1195 243 1237 Caes.
277 1193 542 1248 compositae.
595 1193 718 1236 Nunc
748 1195 931 1247 primum
965 1193 1074 1248 typis
1106 1194 1343 1235 mandatae.
1395 1192 1508 1234 Tulli
1539 1193 1645 1235 Leu-

129 1276 281 1306 corum.
343 1264 464 1316 Apud
512 1262 551 1305 S.
591 1263 799 1317 Belgrand
848 1266 889 1304 et
936 1262 967 1304 I.
1010 1261 1303 1311 Laurentium,
1351 1262 1646 1315 Typographos

129 1332 294 1386 Regios,
343 1330 566 1374 M.DC.L.
622 1329 728 1372 Cum
759 1330 981 1386 priuilegio
1013 1331 1167 1385 Regis!

187 1401 341 1443 'sextus
375 1399 550 1443 alterius
582 1400 776 1442 editionis
808 1411 832 1441 a
860 1400 1043 1454 principe
1075 1412 1155 1442 non
1177 1400 1318 1453 paucis
1340 1398 1440 1442 locis
1465 1399 1643 1453 diuergit

130 1482 261 1524 neque
292 1470 432 1511 tamen
464 1469 553 1511 ideo
585 1468 733 1510 melior
763 1468 900 1511 factus
931 1470 1006 1510 est.
1055 1468 1164 1510 Nam
1198 1468 1406 1521 Rigaltius
1439 1469 1482 1510 in
1515 1469 1646 1511 altera

130 1538 332 1586 editione,
376 1539 423 1579 ut
463 1537 620 1591 aliquot
661 1537 883 1579 manifesta
914 1536 1110 1578 editionis
1141 1537 1343 1591 principis
1374 1538 1524 1579 menda
1557 1549 1645 1579 cor·

130 1607 257 1658 rexit,
296 1607 356 1648 ita
388 1607 531 1648 crebro
563 1607 636 1647 aut
667 1605 802 1659 ipsam
834 1605 1056 1648 lectionem
1086 1605 1310 1660 genuinam
1342 1606 1414 1647 aut
1445 1608 1647 1660 genuinae

131 1675 283 1717 indicia
324 1676 586 1728 praepostere
629 1674 827 1717 aboleuit.
898 1673 959 1716 Cf.
1004 1673 1390 1728 Sitzungsberichte
1429 1673 1568 1716 XCVI
1607 1688 1647 1729 p.

130 1744 215 1786 455
246 1755 334 1797 sqq.

148 1800 156 1806 ⁶
188 1812 328 1854 Editio
361 1813 492 1854 altera
523 1812 870 1854 commentarium
904 1825 1065 1866 quoque
1098 1812 1298 1862 continet,
1331 1825 1411 1866 quo
1444 1813 1507 1854 ed.
1532 1813 1647 1867 prin—

133 1893 225 1936 ceps
269 1882 391 1923 caret.
451 1880 501 1922 In
544 1893 589 1922 eo
633 1882 933 1923 commentario
978 1883 1141 1934 praeter
1182 1894 1319 1922 rerum
1353 1885 1394 1923 et
1425 1883 1647 1924 uerborum

132 1950 428 2003 explicationes
461 1949 570 1992 haud
603 1962 696 1991 raro
726 1951 864 1992 uariae
887 1950 1085 1991 lectiones
1109 1962 1154 1992 ex
1178 1950 1415 2004 apographo
1438 1949 1648 1992 Sirmondi

132 2020 522 2068 commemorantur,
556 2030 658 2071 quae
691 2018 733 2059 in
765 2018 991 2072 appendice
1023 2018 1220 2060 editionis
1251 2018 1449 2073 principis
1481 2018 1647 2061 desunt.

190 2086 250 2127 De
301 2087 472 2139 ceteris,
524 2099 627 2140 quae
679 2088 720 2128 in
775 2089 835 2129 ed.
889 2087 1021 2129 altera
1072 2087 1274 2129 notabilia
1323 2087 1541 2138 uidentur,
1595 2089 1645 2130 cf.

133 2155 519 2210 Sitzungsberichte
551 2154 689 2198 XCVI
721 2168 760 2209 p.
792 2156 878 2198 460
908 2169 996 2210 sqq.

190 2225 346 2266 Harum
400 2226 574 2266 duarum
616 2225 847 2266 editionum
890 2226 1159 2279 exemplaria,
1213 2238 1318 2279 quae
1359 2226 1443 2268 iam
1487 2226 1647 2268 saeculo

133 2294 310 2347 septimo
343 2293 501 2335 decimo
535 2295 707 2334 exeunte
738 2293 959 2335 admodum
992 2306 1085 2336 rara
1117 2294 1244 2336 fuisse
1267 2293 1487 2335 Gisbertus
1511 2293 1649 2347 Cuper-

133 2363 175 2404 in
200 2363 464 2405 Lactantiani
488 2362 587 2404 libri
612 2363 661 2405 de
683 2364 804 2405 mort.
829 2366 1033 2417 persecut.
1066 2377 1100 2406 c.
1123 2364 1150 2405 2
1181 2366 1364 2417 adnotat,
1397 2365 1649 2417 paucissima

135 2444 244 2474 nunc
274 2433 506 2486 supersunt,
554 2444 632 2485 quo
667 2432 825 2474 factum
858 2436 941 2484 est,
988 2434 1037 2475 ut
1067 2435 1115 2475 de
1149 2434 1327 2476 editione
1359 2434 1546 2487 principe
1578 2435 1647 2476 diu

134 2513 327 2556 peruersa
362 2501 489 2543 suerit
522 2500 741 2542 hominum
775 2501 989 2543 doctorum
1024 2501 1162 2555 opinio
1180 2501 1249 2556 ²³).

191 2570 255 2611 Ac
295 2569 494 2623 principis
536 2570 705 2623 quidem
753 2570 946 2612 editionis
986 2570 1214 2611 Parisiis
1255 2570 1355 2622 duo,
1404 2570 1649 2611 Berolini

134 2649 287 2691 unum3
319 2638 491 2680 alterius
524 2639 715 2680 editionis
748 2639 914 2692 singula
941 2639 1114 2680 Parisiis
1139 2642 1179 2679 et
1203 2638 1388 2680 Berolini
1422 2639 1463 2679 in
1496 2638 1649 2681 biblio-

135 2706 264 2747 thecis
297 2706 473 2759 publicis
506 2706 757 2760 exemplaria
789 2709 1023 2749 seruantur.
1063 2706 1350 2748 Berolinensia
1382 2706 1645 2761 exemplaria,

138 2794 144 2797 ⁷
193 2794 595 2864 {R'sffitfigsbericme
622 2820 733 2854 xcvi
762 2830 794 2864 p.
820 2820 885 2854 447
914 2830 989 2863 sqq.

194 2875 237 2915 ²³>
265 2875 354 2910 Ibid.
381 2887 412 2921 p.
439 2877 515 2911 448,

1688 924 1782 952 Editio
1802 925 1896 952 altera

1745 961 1842 991 (1650).
