1934 3278
724 209 975 294 Epistulae.
1522 254 1606 296 323

105 373 337 415 antichristi
369 385 442 427 per
473 374 705 427 potentiam
735 375 860 416 huius
890 375 1034 417 mundi
1068 376 1207 418 omnia
1237 378 1411 432 egerint,
1454 380 1500 421 ut
1531 392 1604 421 ex—

102 442 341 495 tinguerent
379 442 595 484 lucernam
635 443 840 494 ueritatis,
885 444 1027 486 tamen
1069 444 1267 488 diuinitas
1305 459 1379 500 per
1419 449 1605 490 uestram

104 510 406 553 confessionem
428 511 647 553 clariorem
672 512 760 554 eius
780 512 919 554 lucem
943 513 1140 563 ostendit,
1172 515 1220 555 ut
1240 516 1448 558 neminem
1470 517 1603 560 latere

102 581 233 635 possit
264 593 407 622 eorum
439 580 621 622 fallacia.
686 581 861 622 antehac
899 582 970 623 uel
1011 583 1209 625 simulare
1248 585 1453 637 poterant,
1496 598 1604 627 nunc

70 658 85 683 ⁵
104 649 337 691 antichristi
368 649 644 691 nominantur.
679 650 771 703 quis
804 650 911 691 enim
944 663 1024 692 non
1047 652 1313 694 exsecretur?
1345 654 1437 707 quis
1463 666 1604 695 eorum

104 718 435 760 communionem
465 718 682 771 tamquam
713 719 923 760 maculam
957 732 1003 760 ac
1035 720 1151 762 uirus
1174 721 1321 775 anguis
1343 734 1421 763 non
1444 722 1605 776 fugiat?

105 786 236 828 omnis
267 787 421 840 ubique
453 787 633 829 ecclesia
662 787 793 841 luget,
827 788 960 829 omnis
992 789 1143 831 ciuitas
1174 790 1318 843 gemit,
1360 803 1480 832 senes
1513 791 1603 845 epi-

105 856 217 909 scopi
254 855 295 897 in
335 855 456 897 exilio
501 855 695 897 laborant
742 856 784 897 et
819 856 1020 898 haeretici
1063 857 1348 910 dissimulant,
1395 860 1465 913 qui
1506 859 1605 901 dum

103 924 258 978 negant
290 923 514 974 Christum,
547 924 791 978 publicanos
823 937 866 966 se
900 925 1125 967 effecerunt
1164 926 1358 969 sedentes
1390 928 1429 969 in
1464 928 1604 970 eccle-

54 1002 86 1027 10
103 993 175 1035 siis
208 994 250 1035 et
282 993 495 1047 exigentes
525 992 766 1047 uectigalia.
802 1006 824 1035 o
855 1005 1009 1035 nouum
1042 1006 1176 1048 genus
1207 996 1420 1037 hominum
1444 997 1486 1038 et
1506 1009 1606 1050 per-

104 1062 329 1105 secutionis
362 1061 472 1115 quod
505 1061 720 1103 adinuenit
742 1061 946 1113 diabolus,
979 1062 1027 1103 ut
1049 1063 1151 1116 ipsis
1173 1064 1376 1106 ministris
1400 1065 1453 1106 ad
1474 1065 1604 1107 male-

104 1130 340 1173 faciendum
374 1131 415 1172 et
444 1130 564 1172 tanta
595 1130 847 1172 crudelitate
879 1131 1089 1173 uteretur!
1123 1132 1200 1174 sed
1232 1133 1273 1174 et
1304 1133 1338 1175 si
1360 1134 1463 1175 haec
1486 1134 1607 1176 tanta

106 1201 234 1255 agunt
255 1200 296 1241 et
318 1200 532 1253 superbias
555 1199 598 1241 et
617 1199 901 1254 blasphemias
925 1200 1212 1251 extenderunt,
1236 1202 1442 1244 confessio
1463 1203 1605 1244 tamen

105 1270 146 1311 et
182 1269 328 1323 religio
368 1269 409 1310 et
449 1268 655 1322 sapientia
695 1268 838 1310 uestra
876 1281 955 1310 non
995 1269 1222 1319 modicum,
1265 1270 1338 1311 sed
1377 1271 1606 1315 maximum

55 1348 86 1374 1⁵
103 1338 298 1380 solatium
334 1337 375 1378 et
406 1349 559 1391 magna
590 1337 818 1379 consolatio
851 1337 915 1379 est
943 1337 1210 1380 fraternitati.
1271 1340 1464 1392 peruenit
1496 1340 1606 1384 enim

106 1407 158 1449 ad
197 1419 271 1448 nos
312 1406 528 1460 scripsisse
570 1406 836 1448 sanctitatem
875 1407 991 1447 tuam
1032 1405 1223 1460 Augusto
1265 1407 1522 1459 Constantio,
1565 1409 1608 1451 et

102 1475 237 1529 magis
268 1475 486 1529 magisque
508 1475 722 1527 miramur,
755 1475 853 1529 quia
873 1475 914 1516 in
939 1474 1079 1517 medio
1101 1475 1317 1530 tamquam
1341 1477 1605 1531 scorpionum

103 1544 295 1586 habitans
328 1544 453 1585 animi
491 1544 632 1586 tamen
670 1544 865 1586 libertate
905 1544 1049 1594 uteris,
1096 1545 1143 1586 ut
1181 1545 1251 1586 uel
1288 1545 1494 1587 monendo
1536 1545 1608 1587 uel

105 1612 292 1654 docendo
324 1613 394 1653 uel
426 1612 686 1654 emendando
720 1613 904 1655 errantes
937 1613 990 1654 ad
1021 1613 1164 1656 lumen
1186 1614 1379 1655 ueritatis
1403 1614 1604 1656 adducas.

54 1690 203 1736 ²⁰roge
233 1681 374 1736 igitur,
405 1681 554 1735 rogant
583 1693 750 1723 mecum
783 1682 909 1724 etiam
950 1695 1093 1724 omnes
1133 1682 1404 1731 confessores,
1448 1683 1495 1724 ut
1539 1682 1606 1724 di-

103 1750 241 1804 gneris
272 1750 390 1792 nobis
423 1750 658 1803 exemplum
692 1750 915 1801 destinare,
948 1751 996 1792 ut
1028 1763 1107 1792 non
1137 1751 1301 1792 tantum
1334 1751 1492 1801 auditu,
1526 1751 1605 1793 sed

31 1832 38 1840 ·
106 1818 231 1861 etiam
273 1831 321 1860 ex
350 1818 502 1860 litteris
540 1818 776 1872 perspicere
813 1819 973 1873 possint
1004 1832 1146 1861 omnes
1192 1820 1354 1861 animae
1384 1820 1483 1861 tuae
1515 1820 1605 1860 uir-

103 1887 237 1929 tutem
267 1886 449 1940 fideique
481 1886 680 1929 fiduciam
725 1888 767 1929 et
802 1888 1055 1929 libertatem.
1120 1888 1304 1930 salutant
1337 1888 1606 1930 sanctitatem

102 1957 218 1998 tuam
251 1955 321 2009 qui
342 1968 507 1997 mecum
530 1956 638 2006 sunt,
674 1955 810 1998 saluto
842 1969 985 1998 omnes
1008 1957 1078 2010 qui
1098 1957 1239 2000 tecum
1262 1957 1370 1998 sunt.
1405 1956 1605 1998 diuinitas

56 2025 146 2066 ²⁵te
177 2025 428 2066 incolumem
468 2024 666 2078 uegetum
706 2037 1016 2079 memoremque
1056 2025 1186 2067 nostri
1226 2037 1390 2078 semper
1421 2024 1607 2075 tueatur,

108 2092 272 2135 domine
305 2092 577 2134 dilectissime
612 2105 658 2134 ac
692 2106 791 2135 uere
823 2094 945 2135 homo
979 2094 1058 2136 dei.

177 2286 194 2319 1
223 2286 369 2330 egerilsst
484 2285 504 2319 5
531 2286 622 2319 enim
648 2296 706 2320 eos
731 2297 793 2321 nos
821 2286 976 2330 Papebr.
1096 2287 1153 2331 qui
1182 2287 1243 2329 Vr,
1269 2297 1331 2321 em.
1358 2286 1517 2331 Papebr.

109 2363 128 2397 7
152 2365 273 2421 luguet
384 2366 406 2400 8
430 2365 635 2400 disimulant
751 2367 793 2400 10
819 2350 972 2400 exientes
991 2349 1176 2411 ¹iectigalia
1206 2368 1245 2410 V,
1272 2367 1449 2411 exigentes
1475 2365 1611 2400 tributa

111 2433 267 2479 Papebr.
386 2434 427 2468 12
453 2436 489 2468 et
518 2436 551 2470 V
571 2439 605 2469 et
633 2435 665 2469 T
664 2435 753 2470 ilius
779 2436 820 2469 in
844 2436 955 2479 notis,
982 2437 1018 2469 et
1041 2435 1077 2469 hi
1108 2447 1125 2469 υ
1242 2437 1276 2469 et
1300 2435 1335 2468 hi
1364 2455 1404 2459 -
1430 2436 1612 2469 uterentur

110 2491 268 2536 Papebr.
364 2491 406 2526 13
432 2494 468 2525 et
492 2491 673 2535 superbias
698 2504 764 2527 om.
791 2492 947 2536 Papebr.
1044 2491 1086 2525 15
1111 2502 1240 2535 magna
1264 2502 1330 2525 om.
1356 2492 1513 2535 l’apebr.

93 2547 153 2595 ‚19
179 2551 351 2583 errantem
376 2549 569 2583 Barom'us
587 2550 639 2584 ad
657 2560 798 2583 annum
823 2551 893 2583 356
909 2560 945 2583 π.
963 2549 1106 2584 LXXI
1111 2549 1150 2583 V.
1232 2548 1341 2582 lucem
1360 2549 1517 2592 Papebr.

109 2604 151 2639 21
178 2605 351 2641 destincte
376 2618 420 2640 m.
447 2609 466 2640 1
594 2606 639 2640 24
663 2606 778 2641 saluta
802 2607 890 2649 fort.
1019 2606 1063 2640 26
1088 2605 1157 2649 dei]
1183 2605 1272 2640 add.
1303 2606 1350 2640 V:
1380 2605 1434 2638 his
1459 2605 1615 2649 acceptis

109 2662 236 2698 litteris
261 2663 385 2698 beatus
402 2663 523 2697 lucifer
546 2663 642 2698 misit
666 2663 784 2698 libros.
803 2674 886 2708 quos
905 2663 949 2697 ad
967 2663 1204 2697 constantium
1221 2662 1407 2705 scripserat
1432 2673 1517 2706 quos
1533 2672 1609 2696 cuin

109 2720 253 2765 legisset
281 2720 484 2754 athanasius
516 2720 604 2754 hanc
637 2720 728 2754 infra
753 2719 936 2764 epistulam
970 2720 1066 2753 misit
1090 2719 1228 2753 domino
1253 2719 1518 2764 gloriosissimo:
1543 2719 1613 2753 etsi

110 2776 212 2812 credo
236 2780 301 2812 etc.

1406 2927 1474 2960 ‘21¹⁶
