1934 3278
267 268 349 309 288
924 268 1117 304 Luciferi

270 396 409 438 firmat
440 396 604 438 nostras
634 397 809 448 mentes,
843 397 931 450 ipse
956 409 1123 438 sensum
1149 396 1259 449 regit
1284 395 1483 444 nostrum,
1515 394 1603 447 ipse
1629 394 1768 435 diuino

268 464 454 506 incendit
487 478 624 507 amore
667 478 740 507 suo
779 466 920 507 nostra
951 465 1079 507 corda
1118 465 1158 506 et
1200 464 1253 506 ad
1289 463 1556 505 tolerantiam
1599 463 1767 504 sanctae

268 533 474 586 passionis
509 534 678 576 animat.
712 533 821 575 unde
855 535 896 575 et
916 547 1037 575 nomo
1063 535 1249 575 nostrum
1271 533 1447 575 mortem
1472 544 1595 585 quam
1617 530 1766 572 inferre

268 601 473 644 minitaris
521 603 679 656 cogitat
725 603 799 644 sed
845 603 1206 644 immortalitatem
1246 616 1320 644 nec
1362 601 1656 654 temporariam
1695 613 1767 652 per

267 672 307 711 te
338 671 512 713 inlatam
544 684 721 724 poenam
746 671 820 713 sed
852 671 1028 725 gloriam
1062 672 1371 724 sempiternam.
1405 669 1623 711 tormentis
1646 681 1766 709 nam-

268 753 346 792 que
378 740 581 795 martyras
616 740 681 781 dei
714 741 950 782 consecrari
984 741 1024 781 et
1045 741 1136 794 ipsa
1157 740 1361 793 passionis
1382 737 1623 792 probatione
1646 749 1766 778 coro-

269 806 357 847 nari
391 806 578 860 aperiunt
608 807 669 848 ita
701 819 845 848 sacrae
878 806 1130 861 scripturae:
1170 807 1363 860 pretiosa
1403 807 1451 847 in
1492 806 1766 861 eonspec<tu>

267 875 432 917 domini
453 889 563 917 mors
584 879 826 918 sanctorum
847 876 947 924 eius,
982 876 1047 916 et:
1079 876 1117 916 si
1138 888 1280 916 eoram
1304 875 1542 917 hominibus
1563 877 1766 916 tormenta

266 944 388 996 passi
420 947 533 996 sunt,
565 957 658 997 spes
690 957 830 986 eorum
859 944 1168 985 inmortalitate
1193 944 1329 996 plena
1361 947 1430 986 est.
1471 947 1507 985 et
1538 945 1586 985 in
1610 945 1767 997 paucis

269 1012 414 1053 uexati
455 1013 503 1053 ‘m
535 1013 681 1054 multis
719 1013 816 1054 bene
845 1013 1137 1065 disponentur,
1178 1013 1382 1065 quoniam
1413 1014 1514 1055 deus
1546 1013 1768 1065 temptauit

269 1081 364 1122 illos
395 1083 435 1122 et
464 1081 631 1122 inuenit
661 1095 726 1123 eos
757 1082 909 1136 dignos
940 1095 991 1124 se.
1054 1085 1272 1134 tamquam
1312 1094 1467 1122 aurum
1506 1081 1555 1122 in
1594 1081 1768 1133 fornace

260 1149 463 1201 probauit
495 1162 560 1190 eos
591 1152 628 1190 et
648 1150 773 1201 quasi
794 1149 1037 1191 holocausta
1067 1149 1208 1191 hostia
1230 1150 1388 1202 accepit
1410 1162 1485 1202 eos,
1517 1149 1567 1190 in
1590 1151 1767 1202 tempore

269 1217 346 1258 erit
377 1220 586 1270 respectus
617 1217 801 1259 illorum.
845 1218 1095 1260 iudicabunt
1132 1218 1329 1259 nationes
1361 1220 1400 1259 et
1433 1217 1769 1259 dominabuntur

260 1286 448 1339 populis,
480 1289 516 1328 et
546 1287 742 1339 reynabit
771 1287 967 1328 dominus
997 1300 1138 1328 eorum
1168 1287 1216 1327 in
1239 1289 1506 1338 perpetuum.

325 1355 399 1396 III.
442 1354 521 1407 Qui
562 1354 688 1408 igitur
718 1355 879 1395 tantam
920 1354 1166 1396 felicitatem
1199 1354 1496 1395 consecuturos
1538 1366 1580 1394 se
1615 1353 1665 1394 de
1699 1351 1765 1394 dei
1804 1364 1819 1389 5

267 1423 538 1476 praesumunt
568 1423 868 1477 magnitudine,
904 1423 944 1465 et
986 1422 1193 1464 exsultent
1232 1435 1403 1464 necesse
1446 1422 1509 1463 est
1548 1422 1588 1463 et
1628 1422 1768 1464 futura

268 1492 501 1546 cogitantes
531 1492 687 1546 gaudia
717 1492 953 1545 praesentia
984 1492 1058 1532 tua
1088 1491 1199 1532 mala
1232 1491 1407 1532 calcent.
1449 1491 1560 1532 unici
1593 1491 1659 1531 dei
1691 1490 1766 1531 filii

270 1561 410 1602 diuina
441 1573 521 1603 uox
554 1561 637 1602 est:
669 1562 743 1614 qui
774 1563 893 1602 amat
913 1561 1105 1602 animam
1126 1573 1248 1601 suam
1270 1562 1319 1602 in
1341 1561 1419 1601 isto
1439 1560 1605 1602 saeculo
1619 1560 1769 1612 perdet

269 1630 402 1679 illam,
425 1633 464 1671 et
483 1630 556 1682 qui
578 1630 665 1672 odit
690 1630 883 1672 animam
905 1642 1027 1671 suam
1043 1634 1219 1682 propter
1240 1642 1303 1670 me
1324 1629 1372 1670 in
1393 1629 1531 1670 uitam
1552 1632 1764 1670 aeternam

268 1699 531 1740 conseruabit
562 1713 665 1740 eam.
730 1712 808 1752 quo
842 1698 981 1739 diuino
1013 1699 1234 1739 haerentes
1269 1697 1493 1739 Christiani
1525 1698 1764 1750 praecepto.
1786 1706 1822 1730 2*

267 1768 367 1808 licet
396 1767 436 1809 in
468 1768 667 1809 membris
699 1767 851 1808 nostris
882 1767 1104 1815 resultans,
1140 1766 1370 1816 Constanti,
1402 1766 1476 1806 tua
1506 1766 1663 1818 ungula
1694 1779 1765 1807 re-

268 1837 407 1877 currat
437 1837 476 1877 in
509 1837 696 1878 uulnera.
731 1837 890 1877 stamus
932 1836 1218 1888 stabimusque
1258 1835 1488 1884 inmobiles,
1529 1835 1570 1875 te
1610 1835 1767 1877 tortorc

270 1907 393 1958 atque
426 1906 616 1947 omnibus
649 1905 791 1958 poenis
822 1905 905 1945 tuis
937 1904 1141 1947 fortiores.
1175 1905 1250 1945 hoc
1285 1904 1418 1944 solum
1451 1904 1666 1944 nobiscum
1688 1904 1765 1957 ipsi

267 1974 532 2015 reuoluentes
572 1973 681 2026 quod
721 1973 803 2014 ista
844 1972 1107 2013 crudelitatis
1147 1973 1244 2013 tuae
1289 1971 1530 2013 carnificina
1562 1972 1679 2013 nobis
1713 1972 1765 2012 sit

1788 1017 1820 1042 10

267 2043 381 2083 utilis
415 2042 467 2083 ad
499 2042 675 2095 gloriam
708 2042 1016 2094 sempiternam.
1052 2054 1075 2082 a
1095 2041 1284 2083 barbaris
1318 2054 1441 2094 saepe
1464 2041 1649 2094 parcitur
1671 2043 1764 2083 uic-

266 2111 319 2151 tis
354 2110 395 2151 et
427 2111 490 2151 est
520 2111 637 2151 locus
668 2110 776 2150 inter
810 2123 925 2150 arma
956 2109 1204 2150 clementiae
1239 2110 1278 2150 et
1300 2109 1444 2162 utique
1469 2110 1577 2162 apud
1602 2123 1671 2152 eos
1696 2113 1762 2164 qui

268 2179 386 2220 ferali
417 2179 499 2219 ritu
533 2179 614 2220 sint
645 2179 775 2219 uitam
801 2178 1012 2219 ducentes.
1047 2179 1122 2219 hoc
1146 2191 1246 2219 uero
1268 2178 1545 2220 inenarrabile
1569 2180 1631 2220 est
1655 2181 1763 2232 quod

268 2248 314 2288 fit
347 2248 570 2289 aduersum
603 2260 676 2289 nos
710 2260 732 2288 a
762 2248 817 2291 te.
852 2247 920 2300 qui
952 2247 1028 2288 tibi
1058 2248 1163 2288 bene
1196 2247 1404 2288 noluimus
1438 2247 1561 2299 atque
1585 2250 1630 2288 ut
1663 2261 1764 2290 con-

266 2317 403 2370 tingat
435 2316 722 2358 desiderantes
755 2329 898 2357 sumus
940 2315 1145 2368 deumque
1186 2316 1339 2368 iugiter
1379 2317 1645 2357 obsecrantes
1685 2330 1762 2358 non

270 2386 518 2433 ‹lesinimus3
551 2385 718 2437 spolias.
751 2384 988 2437 proscribis,
1020 2385 1182 2425 mactas
1204 2385 1357 2438 gladio,
1390 2384 1505 2425 uarie
1536 2384 1656 2437 punis
1689 2399 1762 2427 nec

403 2512 420 2543 7
447 2510 505 2543 Ps.
533 2511 608 2550 115,
636 2511 655 2544 6
683 2509 798 2552 (LXX)
895 2509 914 2543 8
940 2510 1018 2553 Sap.
1044 2509 1075 2544 3.
1102 2510 1193 2543 4—8
1289 2510 1329 2543 18
1355 2509 1425 2543 Ioh.
1455 2509 1507 2550 12,
1537 2509 1579 2542 25

267 2568 303 2600 ‘21
335 2568 376 2601 cf.
403 2567 566 2611 Cypriani
592 2578 667 2612 app.
695 2567 749 2609 28,
775 2567 794 2600 8
821 2567 966 2611 (Hartel)

336 2682 356 2714 2
383 2683 418 2715 at
528 2682 547 2714 5
574 2663 711 2716 inlitam
821 2682 840 2715 6
866 2683 1033 2725 martyres
1059 2692 1079 2715 v
1174 2681 1192 2713 7
1219 2690 1363 2724 conspec
1459 2679 1501 2713 12
1526 2679 1763 2716 holocaustam

265 2751 417 2784 hostiam
443 2750 534 2784 coni.
563 2751 744 2784 Latinius
839 2752 873 2783 et
898 2750 932 2783 in
951 2752 1105 2793 ternpore
1132 2749 1223 2783 coni.
1246 2748 1426 2782 Latinius
1522 2748 1564 2782 16
1590 2750 1763 2785 exsultant

267 2831 286 2851 ἰ-
406 2819 447 2852 18
474 2819 545 2852 selo
665 2819 705 2852 19
731 2818 831 2852 hodit
947 2818 991 2851 22
1015 2819 1146 2852 tortore
1173 2817 1319 2861 scripsi,
1341 2797 1455 2851 torri}
1484 2819 1518 2853 ι’·
1544 2828 1585 2852 m.
1613 2818 1692 2861 alt.)
1728 2820 1763 2854 Γ.

267 2888 331 2910 om.
363 2887 378 2907 ι·
473 2875 516 2908 26
545 2878 627 2918 aput
720 2875 763 2908 29
790 2875 979 2919 deumquae
1074 2874 1116 2907 30
1144 2874 1261 2908 uariae

1783 2396 1816 2421 30
