1934 3278
285 228 364 270 114
940 226 1134 260 Luciferi

278 367 405 407 (1113111
435 354 659 395 1111163111115
691 364 861 393 11666556
895 351 969 392 651.
1033 352 1107 392 sed
1139 351 1173 393 si
1205 364 1283 393 non
1317 364 1360 393 es
1382 352 1470 393 fera
1501 353 1576 394 sub
1599 353 1780 407 imagine

277 424 414 465 latens
447 422 637 472 hominis,
672 421 811 462 dicito.
864 420 1008 474 legisti
1042 420 1151 474 apud
1174 420 1461 462 Salomonem:
1493 422 1786 464 misericordia

278 496 317 534 et
347 492 508 534 ueritas
538 491 669 533 tutela
701 494 759 532 est
788 490 889 543 γεμί,
920 493 960 532 et
988 490 1248 532 circumeunt
1269 491 1374 531 iusti
1394 491 1530 532 sedem
1550 492 1653 533 eius.
1687 504 1784 532 cum

278 562 320 603 te
352 562 497 603 contra
536 562 709 602 caterua
747 559 1026 612 malignorum
1066 559 1405 612 circumsepserit
1435 560 1704 601 Atrianorum
1746 560 1788 600 61

280 643 372 674 6556
405 643 625 673 cernamus
655 628 969 670 misericordiae
991 628 1238 681 punitorem,
1271 628 1463 669 ueritatis
1487 630 1786 687 execratorem7

279 701 379 755 quid
413 713 504 742 esse
528 699 643 740 aliud
662 699 704 739 te
730 697 1013 739 iudicabimus
1034 697 1113 738 nisi
1134 697 1265 738 feram
1290 709 1335 738 ac
1359 697 1558 739 beluam?
1591 698 1785 739 excitaris

278 771 319 811 in
351 782 438 818 nos,
472 769 518 809 ut
547 768 612 809 leo
644 767 826 820 rugiens,
870 779 943 808 cur
982 766 1316 808 misericordiam
1357 767 1398 807 et
1428 766 1652 807 ueritatem
1686 767 1785 808 dili—

281 851 444 893 gamus,
484 849 557 878 cur
588 849 667 878 non
698 835 963 877 innocentem
997 835 1038 876 et
1067 835 1224 876 iustum
1256 835 1556 888 puniuerimus,
1599 836 1641 877 61
1673 837 1786 878 arbi-

281 907 407 948 traris
448 919 526 947 non
565 907 606 946 te
649 917 739 946 esse
780 904 989 945 inmanem
1020 903 1152 945 feram
1185 916 1231 945 ac
1264 904 1434 946 beluam
1466 906 1786 947 saeuissimam?

334 975 533 1017 XXVIII.
568 973 651 1016 Sed
693 986 799 1027 quae
838 974 880 1014 te
920 973 1116 1014 uoluntas
1157 973 1210 1014 ad
1240 974 1344 1015 haec
1377 974 1658 1027 perpetranda
1688 987 1785 1027 per-

281 1044 456 1094 duxerit,
500 1055 670 1096 prorsus
711 1042 855 1084 uidere
895 1055 974 1084 non
1005 1055 1188 1095 possum,
1231 1043 1277 1083 ut
1315 1043 1446 1084 totius
1477 1043 1661 1085 1115111136
1696 1043 1786 1096 epi-

281 1125 454 1166 scopum
503 1112 780 1161 catholicum,
828 1111 983 1152 domini
1031 1111 1296 1153 sacerdotem
1341 1112 1493 1153 fuisses
1538 1112 1615 1153 tali
1663 1112 1786 1154 exitio

279 1180 538 1234 persecutus.
600 1180 802 1234 numquid
834 1193 913 1221 non
945 1181 1195 1221 memineras
1228 1180 1452 1234 scriptum:
1492 1181 1631 1234 facere
1662 1182 1786 1223 iusti-

278 1251 385 1291 tiam
406 1253 442 1291 et
465 1263 658 1291 ueracem
674 1262 756 1291 esse
768 1250 908 1301 placet
925 1249 997 1290 deo
1012 1250 1148 1303 mayae's
1169 1263 1298 1301 quam
1320 1250 1556 1291 hostiarum
1577 1251 1787 1303 sanquis?

281 1318 476 1372 displicet
495 1318 572 1359 tibi
594 1318 863 1368 Athanasius,
887 1330 960 1358 cur
977 1317 1246 1359 traditionem
1263 1319 1482 1359 beatorum
1506 1319 1787 1371 apostolorum

281 1387 504 1437 custodiat,
526 1399 599 1427 cur
622 1399 666 1428 se
690 1386 973 1428 Christianum
995 1386 1190 1436 fateatur,
1210 1399 1282 1427 cur
1303 1387 1407 1428 nolit
1429 1400 1520 1428 esse
1543 1389 1789 1441 coapostata

279 1456 391 1497 tuus.
460 1468 538 1497 non
584 1455 850 1506 mirandum,
903 1455 1243 1508 quandoquidem
1300 1456 1501 1508 scriptum
1545 1457 1788 1498 teneamus:

277 1527 453 1566 sanctus
498 1527 638 1566 autem
683 1525 918 1566 inmundus
957 1526 1017 1565 est
1062 1524 1178 1576 apud
1223 1524 1371 1568 malos.
1431 1525 1551 1566 uobis
1590 1526 1788 1579 malignis

281 1593 478 1646 displicet
516 1593 552 1633 is
601 1591 670 1645 qui
711 1590 788 1632 deo
833 1590 1022 1643 placeat,
1069 1590 1146 1631 tibi
1191 1591 1439 1643 praesertim
1476 1592 1698 1633 temerario
1740 1606 1787 1634 ac

281 1662 473 1714 superbo,
522 1660 592 1714 qui
630 1659 880 1701 temerarius
919 1659 1013 1699 hinc
1057 1671 1149 1700 6556
1189 1659 1449 1712 intellegeris
1490 1673 1535 1701 36
1570 1662 1786 1714 superbus,

281 1730 393 1783 quod
425 1730 570 1771 contra
602 1729 669 1770 dei
711 1728 1015 1770 ordinationem
1053 1728 1284 1770 tetenderis
1315 1742 1499 1778 manum,
1542 1731 1653 1782 quod
1686 1744 1788 1784 apo-

281 1800 476 1841 stolicam
506 1798 778 1839 traditionem
808 1797 1026 1850 putaueris
1060 1797 1372 1848 destruendam,
1414 1798 1524 1851 quod
1557 1799 1787 1852 episcopos,

280 1869 355 1909 sub
389 1880 564 1921 quorum
594 1869 636 1908 te
670 1866 952 1908 sollicitudine
986 1879 1110 1919 agere
1143 1868 1395 1919 oportuerat,
1429 1868 1504 1909 sub
1535 1869 1651 1909 tuam
1686 1869 1787 1909 diti-

279 1949 400 1977 onem
431 1936 644 1977 censueris
675 1935 939 1988 redigendos.
982 1935 1081 1988 quid
1111 1935 1238 1989 igitur
1271 1936 1327 1976 sis
1359 1936 1570 1990 intellege,
1615 1937 1787 1978 audiens

1823 638 1841 663 5

1807 980 1840 1005 10

1809 1320 1841 1346 15

1807 1667 1842 1691 20

278 2017 351 2058 per
385 2004 649 2046 Salomonem
683 2003 795 2057 quod
825 2004 901 2045 tibi
943 2004 998 2044 sit
1030 2005 1206 2056 superbo
1245 2017 1416 2046 nomen:
1466 2007 1714 2047 temerarius
1752 2009 1841 2047 6125

278 2075 478 2126 superbus
502 2073 752 2127 pestilentia
771 2073 1005 2114 uocabitur.
1043 2073 1245 2125 pestilens
1277 2073 1456 2115 11661515
1478 2074 1613 2124 homo,
1646 2075 1786 2115 tamen

278 2143 423 2184 morbo
461 2143 533 2183 tuo
573 2155 725 2183 nexare
767 2155 840 2183 nos
879 2155 958 2183 non
997 2143 1177 2194 poteris,
1227 2143 1325 2195 quia
1363 2143 1541 2184 tutelam
1582 2144 1699 2185 nobis
1733 2144 1788 2184 sit

278 2212 482 2264 praebens
516 2211 657 2252 diuina
689 2211 924 2252 clementia.
977 2211 1194 2264 temptasti
1226 2212 1403 2265 denique
1425 2212 1626 2265 pestilens
1648 2212 1786 2254 facere

280 2292 354 2321 nos
386 2281 727 2333 compestilentes
749 2281 865 2329 tuos3
900 2280 974 2321 sed
995 2281 1080 2331 ille,
1114 2281 1181 2321 cui
1206 2281 1335 2322 dicati
1356 2281 1552 2332 uiuimus,
1585 2294 1664 2323 non
1688 2282 1786 2323 sinit

279 2350 354 2390 tua
384 2350 689 2402 temptamenta
722 2349 836 2390 adire
868 2349 996 2390 corda
1027 2350 1164 2398 recta3
1199 2350 1386 2403 suggerit
1420 2350 1527 2391 enim
1561 2350 1783 2402 scriptum:

292 2418 408 2459 ibera
438 2432 504 2460 eos
535 2420 610 2472 qui
640 2420 855 2461 ducuntur
886 2420 942 2461 ad
972 2422 1143 2461 mortem
1174 2422 1213 2461 et
1235 2419 1435 2460 redimere
1466 2432 1529 2460 eos
1559 2420 1787 2472 4111111161-

416 2533 436 2565 2
462 2532 564 2567 Ρ1611.
582 2532 637 2568 20,
656 2533 699 2567 28
796 2532 900 2566 1311).
920 2533 975 2573 21,
995 2533 1015 2566 3
1113 2532 1219 2567 1811).
1237 2533 1292 2568 21,
1314 2533 1355 2566 15
1451 2532 1494 2565 25
1510 2533 1556 2567 ib.
1576 2533 1630 2573 21,
1650 2534 1693 2567 24

279 2590 319 2623 31
348 2589 393 2623 ib.
420 2590 475 2631 24,
504 2591 554 2625 11.
582 2591 624 2624 12

349 2692 369 2725 2
388 2695 470 2736 aput
487 2705 531 2727 m.
552 2698 567 2727 1
664 2695 684 2727 5
703 2676 900 2751 punitori-ini
918 2699 943 2736 (ἶ
960 2706 1003 2729 sm.
1030 2697 1114 2737 rec.)
1211 2676 1440 2728 execr'etorem
1467 2696 1576 2738 (corr.
1595 2706 1638 2728 m.
1658 2698 1692 2738 1)

281 2784 300 2816 7
327 2748 385 2817 effr
411 2771 446 2825 (91
468 2796 510 2818 m.
538 2787 622 2827 rec.)
650 2789 683 2819 et
709 2786 762 2820 sic
787 2786 808 2819 l.
833 2791 867 2820 8.
894 2788 937 2820 15
963 2790 997 2821 et
1022 2789 1066 2821 16
1092 2787 1146 2820 bis
1265 2786 1305 2819 18
1334 2788 1417 2828 aput
1450 2798 1492 2820 m.
1519 2789 1538 2819 1
1658 2785 1701 2818 20
1726 2769 1786 2820 hisi

283 2843 308 2883 (e
336 2852 378 2875 m.
405 2843 491 2883 rec.)

1806 2356 1842 2381 30
