1934 3278
562 223 615 257 De
640 233 710 257 non
735 223 974 258 conueniendo
999 234 1076 258 cum
1100 224 1296 260 haereticis.
1628 230 1685 271 25

181 349 299 391 homo
329 352 449 391 extra
480 362 629 402 corpus
659 352 731 403 est,
762 351 836 403 qui
866 354 1006 392 autem
1036 351 1280 404 fornicatur
1309 353 1358 393 in
1387 366 1539 407 corpus
1559 366 1685 395 suum

172 421 334 472 peccat,
368 418 430 460 et:
462 432 548 459 non
571 419 670 460 estis
690 419 843 470 uestri,·
873 420 1002 472 empti
1021 421 1136 462 enim
1156 421 1254 461 estis
1269 421 1419 473 pretio.
1451 422 1683 476 qlorificate

182 490 218 528 et
241 489 410 540 portate
432 488 650 530 dominum
671 489 719 529 in
741 501 910 541 corpore
930 492 1078 531 uestro.
1112 489 1320 543 quomodo
1342 490 1496 543 poteris
1518 491 1682 543 portare

182 556 319 604 deum,
354 556 585 605 Constanti,
617 557 658 598 in
690 568 862 611 corpore
893 558 979 603 tuo,
1021 570 1118 599 cum
1151 558 1424 611 apostolicam
1455 558 1582 600 fidem
1611 572 1682 601 re-

145 624 343 666 5101611ᾶο
374 626 714 679 haereticamque
747 626 1011 680 suscipiendo
1052 639 1131 668 non
1170 627 1213 667 te
1244 626 1358 668 illius
1391 639 1481 668 esse
1515 627 1681 675 dixeris,

181 694 300 735 cuius
332 707 376 735 se
410 693 602 735 dixerunt
631 695 773 747 patres
804 695 935 737 nostri
968 695 1179 737 Abraham
1210 696 1330 737 Isaac
1365 696 1407 736 et
1438 696 1576 745 Iacob,
1609 696 1683 737 sed

182 763 224 804 et
269 762 410 804 cuncti
455 762 682 816 prophetae
730 763 907 817 apostoli
955 776 1001 805 ac
1043 764 1277 818 martyres?
1338 763 1488 805 deinde
1530 765 1564 806 si
1612 764 1682 818 qui

180 831 404 873 fornicator
435 831 476 872 in
508 843 658 884 corpus
691 844 812 873 suum
846 832 910 873 est
940 844 1132 885 peccans,
1167 833 1321 886 quanto
1352 833 1488 886 magis
1519 833 1579 882 tu,
1613 833 1681 886 qui

181 899 237 941 sis
269 912 346 941 non
377 912 451 953 per
481 911 650 941 carnem
671 900 835 941 tantum
855 899 963 941 illud
987 899 1208 953 perficiens
1230 900 1434 954 serpentis
1460 913 1574 954 opus,
1609 899 1682 941 sed

129 981 161 1006 ιο
180 968 222 1009 et
251 981 325 1022 per
354 968 490 1022 ipsam
523 968 733 1010 animam?
792 969 961 1011 nescitis
991 970 1094 1022 quia
1126 970 1199 1022 qui
1230 982 1271 1011 se
1300 970 1443 1023 iunyit
1474 969 1682 1010 meretrici

179 1053 312 1080 unum
343 1051 493 1091 corpus
523 1041 594 1086 est,
634 1038 709 1091 qui
740 1040 879 1079 autem
909 1038 1054 1091 iunyit
1083 1051 1124 1080 se
1154 1038 1326 1080 domino
1357 1050 1472 1079 unus
1501 1038 1682 1090 spiritus

179 1110 247 1149 est.
283 1119 379 1148 cum
410 1106 629 1161 sacrilegis
668 1119 718 1148 ne
751 1107 793 1149 et
821 1106 901 1160 ipsi
932 1106 1032 1148 facti
1063 1107 1104 1148 in
1136 1119 1308 1159 corpore
1338 1106 1571 1148 meretricis
1602 1118 1681 1147 non

179 1187 435 1217 mereremur
467 1187 559 1217 esse
592 1175 748 1217 domini
779 1175 937 1225 famuli,
972 1175 1046 1217 sed
1076 1176 1161 1217 iam
1187 1176 1234 1217 ut
1264 1188 1339 1217 uos
1370 1175 1481 1217 serui
1513 1175 1681 1225 diaboli,

179 1245 418 1287 censuimus
448 1244 733 1286 recedendum
764 1244 893 1286 fuisse
927 1257 950 1285 a
981 1245 1112 1287 uobis.
1166 1257 1244 1286 uae
1275 1245 1365 1289 tibi.
1399 1244 1467 1298 qui
1499 1243 1681 1285 nolueris

129 1324 162 1349 1⁵
180 1313 346 1355 domino
386 1313 593 1367 coniungi,
642 1313 717 1354 sed
755 1313 939 1356 uolueris
981 1313 1158 1355 diabolo.
1223 1313 1298 1355 sed
1338 1313 1380 1355 et
1421 1325 1517 1354 cum
1558 1312 1680 1353 dicit:

178 1381 303 1423 nolito
333 1382 494 1430 seduci3
527 1384 803 1433 corrumpunt
833 1382 947 1423 enim
977 1394 1109 1423 mores
1140 1382 1265 1423 bonos
1304 1382 1522 1435 conloquia
1551 1380 1680 1435 mala,

179 1450 278 1504 quid
317 1463 385 1492 me
415 1450 533 1492 iubet
563 1450 702 1492 facere
735 1450 814 1491 nisi
844 1450 891 1492 ut
923 1450 1080 1504 fugiam
1111 1451 1278 1492 coetum
1308 1451 1429 1492 tuum
1460 1449 1680 1503 sacrilegio

176 1518 448 1568 maculatum,
481 1531 532 1560 ne
565 1518 663 1560 dum
695 1519 846 1560 haereo
875 1518 966 1568 tibi,
999 1518 1042 1560 et
1070 1518 1159 1572 ipse
1188 1520 1331 1561 tecum
1361 1522 1561 1572 peream?

234 1587 330 1628 XII.
372 1586 590 1639 Quomodo
629 1587 671 1628 in
709 1587 782 1630 tuo
824 1588 1000 1629 concilio
1040 1588 1225 1642 maligno
1258 1601 1349 1630 esse
1380 1588 1681 1642 potueramus?

125 1666 274 1697 ²0cum
306 1656 541 1709 apostolum
573 1657 743 1698 beatum
779 1657 997 1698 Timotheo
1023 1656 1285 1698 inueniamus
1319 1656 1494 1698 dixisse:
1527 1670 1682 1698 manus

178 1726 258 1767 cito
289 1725 449 1766 nemini
479 1726 719 1778 inposueris
749 1738 879 1778 neque
909 1726 1290 1767 communicaueris
1308 1726 1490 1778 peccatis
1511 1725 1678 1767 alienis.

178 1796 213 1835 te
244 1794 386 1847 ipsum
416 1796 579 1837 castum
600 1807 738 1836 serua.
772 1794 847 1836 sed
873 1793 1082 1848 quomodo
1107 1807 1293 1836 essemus
1315 1794 1435 1844 casti,
1470 1794 1539 1848 qui
1560 1794 1680 1837 uobis

177 1862 385 1904 haerendo
417 1864 464 1904 ut
494 1876 569 1905 uos
593 1863 769 1918 disrupti
791 1863 1013 1906 fuissemus
1035 1876 1108 1917 per
1127 1864 1223 1905 illos
1240 1863 1480 1905 carissimos
1501 1863 1678 1912 uestros,

177 1931 397 1974 inmundos
436 1932 638 1974 uidelicet
675 1932 845 1986 spiritus
887 1945 910 1974 a
941 1932 1138 1974 castitate
1170 1931 1299 1973 fidei?
1360 1932 1566 1986 quomodo
1600 1945 1677 1974 non

126 2001 604 2043 ”communicassemus
638 2001 784 2042 alienis
815 2000 1013 2054 peccatis,
1047 2000 1155 2053 quod
1189 2000 1222 2041 si
1255 2000 1471 2041 uobiscum
1504 2013 1678 2041 manen-

178 2069 277 2111 dum
307 2069 629 2118 censuissemus,
674 2071 751 2111 hoc
793 2082 980 2111 essemus
1019 2069 1146 2110 futuri
1187 2068 1297 2122 quod
1340 2068 1441 2110 estis
1472 2081 1560 2117 uos,
1600 2069 1677 2110 hoc

178 2139 242 2180 est
256 2138 445 2179 membra
460 2138 724 2180 meretricis?
740 2138 948 2192 quomodo
967 2150 1040 2179 nos
1058 2137 1283 2180 Christiani
1302 2149 1393 2178 esse
1409 2137 1678 2190 potueramus

178 2206 395 2248 uobiscum
425 2206 679 2248 haereticis?
711 2218 806 2248 cum
832 2206 933 2247 item
958 2206 1175 2259 scripsisse
1199 2205 1432 2259 apostolum
1460 2205 1678 2246 Timotheo

179 2275 394 2324 sciremuS,
436 2275 486 2316 ut
514 2276 679 2317 nosmet
710 2276 1048 2317 abstraheremus
1082 2287 1106 2315 a
1135 2274 1255 2315 uobis
1287 2273 1532 2315 haereticis:
1578 2273 1678 2314 haec

124 2344 273 2385 sodoce
302 2347 339 2384 et
369 2344 602 2394 exhortare,
634 2345 672 2385 si
701 2345 796 2397 quis
826 2344 953 2385 aliter
982 2343 1095 2385 docet
1125 2346 1161 2384 ει
1193 2357 1277 2384 non
1308 2342 1538 2394 adquiescit
1559 2342 1678 2383 sanis

174 2413 436 2454 sermonibus
467 2413 630 2454 domini
669 2413 805 2454 nostri
837 2413 937 2454 Iesu
970 2411 1129 2454 Christi
1167 2414 1204 2453 et
1246 2411 1284 2452 ei
1314 2424 1420 2463 quae
1449 2410 1676 2451 secundum

171 2482 371 2534 pietatem
408 2485 466 2523 est
504 2481 733 2530 doctrinae,
779 2481 962 2532 inflatus
1003 2483 1061 2521 est
1099 2482 1238 2521 autem
1277 2478 1387 2519 nihil
1425 2479 1570 2531 sciens,
1603 2478 1675 2519 sed

311 2618 333 2652 2
356 2617 390 2652 Π
415 2618 494 2654 Cor.
519 2619 553 2658 6,
581 2619 622 2652 19
718 2617 760 2650 10
783 2616 828 2651 ib.
854 2618 886 2655 6,
916 2617 956 2650 16
1052 2616 1094 2650 16
1120 2616 1164 2650 ib.
1194 2616 1247 2653 15.
1273 2615 1317 2649 33
1417 2615 1462 2649 20
1486 2615 1502 2649 1
1526 2615 1611 2649 Tim.
1637 2616 1671 2654 5.

175 2675 219 2708 22
313 2675 356 2709 29
382 2675 428 2709 ib.
454 2676 486 2715 6,
513 2676 603 2710 2-5

247 2788 288 2822 13
313 2799 521 2823 mereremur
545 2799 615 2823 non
639 2789 726 2831 fort.
849 2787 889 2819 15
916 2785 1057 2820 diabulo
1176 2786 1217 2819 16
1243 2786 1336 2820 mala
1368 2786 1405 2822 V.
1431 2795 1539 2829 praua
1564 2796 1584 2818 v

176 2845 221 2880 28
248 2856 324 2879 cum
356 2847 394 2886 V,
421 2856 480 2880 cur
504 2857 535 2883 v.
563 2846 616 2879 cui
643 2856 712 2879 scr.
741 2845 856 2879 Coleti
