1934 3278
569 238 817 272 nominum
850 238 897 271 et
928 247 1095 270 reruni.

91 364 197 399 Iudae
222 363 382 400 Scarioth
401 363 454 404 73,
473 363 527 398 23.
554 362 703 401 107,23.
723 362 799 402 111,
832 359 837 411 Ι

92 410 145 445 32.
163 410 241 449 265,
259 410 290 444 4.
308 409 454 449 286,11.
473 409 550 447 308
567 408 618 443 14.
637 407 800 442 Manasse
832 418 836 460 Ι

91 456 162 490 filio
188 455 357 489 Ezechiae
374 436 429 495 55,
448 454 502 493 2›,
529 454 703 488 Pharaoni
722 454 798 493 127,

94 501 148 541 10,
174 501 352 536 Salomoni
376 499 554 534 idololatri
572 499 627 539 42,
646 500 678 539 5,
705 481 800 533 Sauli

93 547 146 583 88,
163 547 214 581 10.
229 546 317 585 94.
300 558 331 585 ο,
351 545 575 580 Sodomorum
588 544 799 589 principibus

94 592 170 633 135,
198 592 240 626 10
266 593 353 626 aliis

47 719 250 764 Demofilus
267 729 446 773 episeopus
463 729 561 763 iratis
579 729 703 763 animis
720 739 798 762 con-

93 776 206 810 cilium
223 774 485 809 Mediolanense
501 775 641 818 reliquit
657 774 735 813 329,
754 774 798 808 28

48 819 284 855 dextrocheria
309 821 525 864 imperatoris
550 820 685 863 insigne
718 820 797 860 272,

48 911 235 946 dictatores
260 912 478 956 imperatoris
503 911 581 947 306.
610 912 650 946 17

47 957 237 1002 Dionysius
261 957 574 991 Mediolanensium
606 958 797 1002 episcopus,

95 1004 151 1048 qui
191 1003 420 1037 Athanasium
461 1002 669 1038 Constantio
709 1002 799 1037 falsa

95 1048 270 1083 adserenti
307 1048 449 1083 credens
486 1048 725 1088 damnauerat,
763 1049 800 1082 in

94 1095 231 1128 exilium
255 1095 379 1128 missus
406 1096 459 1128 est
484 1094 556 1128 eius
573 1094 647 1128 loco
666 1094 800 1128 Auxen-

93 1141 142 1174 tio
161 1140 320 1174 ordinato
340 1140 416 1174 161.
435 1139 478 1173 29
505 1140 568 1183 (S.
589 1141 800 1184 Dionysius

94 1186 287 1230 episcopus
305 1186 599 1220 Mediolanensis
617 1196 732 1229 usque
749 1186 800 1219 ad

95 1242 235 1265 cirinum
261 1234 341 1275 355,
368 1231 431 1275 qui
456 1232 494 1265 in
523 1231 800 1266 Mediolanensi

93 1277 248 1312 concilio
283 1277 395 1311 huius
433 1277 526 1310 anni
562 1277 607 1311 ab
631 1277 800 1315 'Arianis
835 1288 837 1305 ³

96 1323 268 1367 deceptus
301 1323 551 1357 Athanasium
592 1323 801 1357 damnauit.
836 1349 838 1357 .

96 1367 167 1403 Sed
192 1369 349 1403 Eusebii
373 1369 535 1412 episcopi
566 1368 801 1403 Vercellensis

95 1413 230 1448 callido
260 1414 510 1458 prudentique
543 1414 696 1449 consilio
722 1414 801 1448 eius

96 1459 321 1504 subscriptio
355 1459 473 1493 deleta
506 1460 583 1502 fuit
614 1479 660 1486 —
684 1460 803 1494 Actus

96 1508 149 1539 est
175 1505 214 1539 in
233 1505 406 1540 eoesilium
424 1505 636 1550 Dionysius
654 1505 803 1549 eiusque

96 1551 136 1584 in
151 1551 267 1585 locum
277 1552 453 1594 suffectus
464 1551 678 1585 Aumentius
688 1551 803 1585 Aria-

95 1607 179 1639 nus,
205 1597 268 1630 sed
294 1597 513 1631 catholicum
539 1597 743 1648 aliquando
767 1607 805 1630 se

97 1642 293 1681 simulans,
321 1643 383 1686 qui
414 1642 671 1677 Valentiniani
696 1642 805 1686 impe-

98 1698 118 1721 r
120 1691 204 1721 ator
207 1688 239 1721 is
250 1688 805 1740 indulyentiaMediolanensem

97 1734 295 1777 occupauit
313 1734 496 1790 ecclesgam
517 1744 635 1768 annos
649 1735 706 1768 20.
722 1733 805 1767 uita

97 1778 251 1821 functus
267 1790 326 1814 an.
341 1775 430 1814 374?
454 1779 526 1815 Col.
541 1781 613 1814 not.
652 1789 706 1822 ag.
726 1778 806 1823 128)

53 1823 109 1868 Dy
111 1823 205 1858 <lima
231 1826 296 1869 (an
314 1824 522 1868 Didymus‘?)
548 1790 730 1869 ρῐέεἷήέτ
754 1834 806 1858 ec—

97 1869 222 1950 ῗΙὸεἰίιὲ
236 1862 502 1904 Alexandrinae
528 1870 693 1905 Arrianus
728 1869 804 1910 189,

51 2041 328 2087 Ecclesiasticus
343 2053 401 2090 (=
411 2052 656 2095 Ecclesiastes)
671 2053 747 2093 127,
762 2053 805 2087 28

54 2096 219 2130 elefantia
245 2097 298 2133 55.
326 2097 378 2133 15.
403 2098 481 2134 220.
508 2098 562 2132 29.
588 2098 666 2138 221,
695 2099 736 2133 13

54 2142 236 2186 Epictetus
260 2142 442 2177 familiaris
460 2143 660 2179 Constantii
679 2144 732 2181 15
751 2144 805 2179 21.

98 2187 279 2231 Epictetus
298 2190 332 2222 et
350 2190 456 2222 ceteri
474 2200 512 2223 ex
527 2189 582 2223 dei
596 2190 703 2223 seruis
718 2190 806 2225 Con-

99 2233 220 2267 stantii
247 2236 282 2267 ct
306 2235 415 2278 patris
442 2235 514 2268 eius
532 2235 704 2269 satellites
721 2235 805 2269 facti

97 2278 242 2319 299,11
273 2276 339 2323 (Γ
338 2281 393 2313 uit
419 2280 477 2314 hic
502 2281 694 2325 episcopus
720 2281 807 2316 Cen—

102 2305 345 2359 turricellensis
364 2329 398 2360 et
415 2326 647 2360 Arianorum
664 2327 806 2360 saeuis-

99 2370 235 2414 simus;
272 2375 404 2405 contra>
437 2371 689 2405 Athanasium.
723 2372 806 2406 sub-

99 2416 252 2460 scripsit
286 2416 323 2449 in
350 2417 505 2450 concilio
531 2417 808 2468 Illediolanensi

100 2464 133 2494 et
160 2461 204 2495 de
228 2461 291 2495 illo
309 2462 397 2496 haec
415 2463 681 2496 Athanasius
680 2463 684 2468 ’
713 2473 750 2496 se
767 2462 808 2496 in

99 2507 203 2558 ηψπ.
232 2507 282 2540 ad
308 2507 411 2542 Solit.
437 2519 515 2541 cum
552 2509 630 2552 ayit
664 2474 718 2541 (Ile²
733 2508 807 2552 epi-

100 2552 220 2595 scopis
245 2552 435 2586 ordinatis
454 2564 523 2597 per
547 2554 808 2588 Constantium

101 2597 146 2631 ab
184 2598 363 2632 Arianis:
404 2599 672 2642 Epictetum
711 2609 807 2633 nco-

97 2642 286 2687 phytum
305 2644 540 2687 hominem,
559 2645 809 2678 iuuentute

101 2687 315 2731 ferocem,
354 2690 572 2723 audacem
613 2690 658 2723 in
699 2702 761 2723 am
774 2700 808 2723 o-

101 2733 238 2768 ribus
285 2735 603 2769 Constantius
651 2735 807 2778 hahet,

102 2788 146 2812 eo
172 2779 290 2822 quod
320 2790 414 2814 eum
446 2781 504 2814 ad
537 2781 691 2814 omnia
721 2792 807 2815 sce-

103 2823 198 2858 lera
230 2829 488 2869 promptum
526 2826 809 2870 alacremque

100 2871 385 2914 conspiceret
439 2872 623 2915 eiusque
671 2882 808 2915 opera

832 952 835 1021 2

1541 238 1623 278 347

920 362 1159 405 episcopis,
1178 361 1342 405 quibus
1360 361 1486 402 uelit,
1513 362 1624 396 insi-

920 407 1024 441 dias
1049 407 1215 441 struit:
1244 407 1365 440 nihil
1395 407 1506 442 enim
1539 411 1624 446 est

919 453 1035 496 quod
1072 453 1152 487 ille
1186 456 1413 504 yrauetur
1454 453 1625 509 facere,

918 499 1043 533 modo
1091 498 1365 542 imper-aton·
1453 495 1624 534 laceat.⁷

918 543 991 579 Col.
1017 546 1089 579 not
1114 554 1194 588 pag.
1221 544 1263 578 13
1288 544 1334 586 ct.
1362 509 1452 587 251Ρ

871 590 1106 634 episcoporum
1132 588 1248 623 officia
1286 589 1361 629 197,
1393 590 1425 624 4.
1461 590 1539 630 201,
1571 590 1626 625 25.

915 635 993 675 232,
1020 635 1051 670 2.
1077 635 1155 675 233,
1182 636 1212 670 6.
1239 635 1317 675 237,
1344 617 1374 670 5.
1400 636 1478 674 252,
1499 636 1531 670 5.
1557 636 1626 679 epi-

916 692 1038 725 scopus
1076 692 1096 714 a
1130 681 1255 725 populo
1293 692 1310 715 e
1343 692 1482 725 corpore
1518 681 1626 725 ipsius

915 726 1084 771 petendus
1105 727 1180 767 181,
1208 727 1259 761 18.
1287 727 1317 761 ei
1342 737 1464 761 manus
1480 738 1541 771 per
1558 727 1627 771 epi-

916 783 1035 825 scopos
1068 772 1255 807 catholicos
1288 773 1467 817 inponitur
1502 772 1557 812 80,
1595 773 1626 807 8.

915 818 1084 862 episcopis
1108 828 1206 862 reges
1243 818 1381 852 obnoxii
1414 819 1468 854 76.
1501 819 1531 853 6.
1558 818 1628 863 epi—

915 874 1036 908 scopus
1062 875 1079 897 e
1106 864 1298 908 iscoporum
1322 864 1400 905 311,
1418 864 1471 899 25.
1499 865 1627 908 episco-

915 911 1018 953 patus
1042 919 1083 943 ur
1109 910 1138 943 is
1163 909 1293 943 Romae
1318 910 1396 947 329,
1423 910 1464 943 21

870 954 1044 989 Eudoxius
1081 956 1259 999 episcopus
1292 955 1531 990 Germaniciae
1567 966 1627 1000 per

917 1001 1146 1045 antiphrasim
1162 1001 1314 1035 Adoxius
1340 1012 1361 1035 a
1385 1001 1542 1035 Lucifero
1569 1012 1627 1035 no-

917 1047 1070 1080 minatus
1096 1047 1150 1083 81.
1177 1047 1208 1081 4.
1236 1047 1311 1087 117,
1330 1047 1384 1081 20.
1409 1047 1488 1084 306.
1515 1047 1546 1081 2.
1574 1047 1627 1082 14.

917 1092 1362 1127 conciliumMediolanense
1372 1093 1537 1136 relinquit
1548 1092 1627 1133 329,

918 1138 973 1172 29.
999 1138 1091 1182 apud
1117 1150 1194 1172 eum
1211 1138 1348 1172 Lucifer
1373 1138 1488 1172 exulat
1514 1138 1568 1179 81,
1595 1138 1626 1172 3.

916 1185 1038 1218 contra
1065 1195 1152 1228 eum,
1182 1194 1281 1228 quem
1310 1183 1517 1218 catholicum
1558 1195 1627 1218 non

918 1240 993 1264 esse
1017 1231 1167 1274 putaret,
1203 1229 1432 1265 Constantius
1458 1229 1503 1263 ad
1527 1230 1627 1264 Anti-

918 1275 1066 1310 ochenos
1107 1275 1205 1309 dedit
1244 1275 1380 1309 litteras
1430 1277 1465 1309 et
1504 1277 1629 1320 postea

919 1320 1065 1355 eundem
1102 1320 1286 1355 defendere
1317 1321 1432 1364 coepit
1467 1321 1628 1355 ueritatis

920 1377 994 1401 esse
1031 1366 1207 1400 doctorem
1245 1367 1327 1406 117,
1365 1367 1419 1401 20.
1456 1367 1627 1403 306,12.

919 1412 1037 1446 sedem
1053 1412 1308 1446 Antiochenam
1323 1413 1515 1456 occupauit,
1534 1412 1630 1446 dein-

920 1458 962 1492 de
1000 1457 1427 1502 Constantinopolitanam
1464 1458 1630 1497 306,14

922 1501 1175 1548 (Eudooeius,
1226 1515 1327 1547 quem
1369 1504 1525 1546 Lucifer
1560 1515 1630 1548 per

920 1554 1166 1594 contemptum
1207 1550 1398 1584 Adoscium
1445 1549 1627 1589 nominat,

917 1599 1003 1640 post
1029 1598 1246 1639 occupatam
1264 1606 1363 1629 anno
1381 1595 1529 1629 circiter
1547 1597 1628 1629 358.

921 1641 1189 1676 Antiochenam
1202 1641 1390 1675 ecclesiam
1403 1641 1536 1675 ibidem
1546 1651 1630 1675 con-

923 1687 1049 1722 cilium
1089 1687 1288 1721 celebrauit
1338 1687 1487 1720 ineunt<
1529 1696 1629 1720 anno

922 1732 1130 1786 insequenti
1163 1732 1283 1775 ibique
1320 1732 1510 1785 descripta
1541 1732 1630 1774 fidei

923 1778 1088 1821 formula
1112 1775 1313 1821 ὁμοουσίου
1345 1789 1388 1812 ac
1414 1775 1630 1821 ὁμοιουσίου

922 1835 1028 1859 uoces
1046 1824 1191 1857 reiecit·
1179 1827 1400 1867 ,praeterea
1418 1835 1434 1857 c
1452 1823 1631 1857 cathedra

923 1870 974 1904 ad
994 1869 1176 1914 populum
1193 1880 1392 1903 sermonem
1409 1869 1544 1903 habens
1562 1872 1630 1903 aut

922 1916 962 1949 in
988 1916 1069 1959 ipso
1095 1915 1248 1949 concilio
1274 1915 1519 1959 impiissimas
1540 1925 1629 1958 pro-

923 1961 1011 1995 tulit
1043 1960 1300 2004 blasphemias,
1333 1971 1426 2004 quas
1454 1960 1631 1994 Hilarius

922 2007 1037 2049 refert
1061 2006 1102 2039 in
1130 2006 1188 2040 lib.
1206 2017 1268 2040 un.
1295 2009 1426 2040 contra
1449 2006 1630 2040 Constan-

923 2053 1025 2086 tium.
1051 2053 1103 2086 At
1128 2052 1360 2086 Arianorum
1377 2055 1411 2085 et
1430 2051 1630 2085 :S'emiaria-

921 2109 1053 2132 norum
1079 2097 1272 2142 appetitur
1296 2097 1449 2131 insidiis
1476 2100 1510 2130 et
1527 2096 1631 2140 apud

922 2144 1189 2187 imperatorem,
1215 2143 1323 2177 cuius
1339 2143 1466 2188 qratia.
1485 2146 1517 2176 et
1543 2153 1631 2177 auc-

925 2189 1077 2223 toritate
1097 2189 1302 2233 plurimum
1323 2188 1497 2232 pollebat,
1522 2199 1630 2222 accu-

923 2238 1030 2269 satus
1056 2246 1073 2268 e
1098 2245 1168 2268 sua
1194 2234 1277 2268 sede
1303 2234 1463 2268 deicitur
1489 2234 1529 2267 in
1547 2244 1630 2268 con—

924 2281 1007 2315 cilio
1051 2280 1270 2314 Seleuciensi
1318 2280 1411 2313 anni
1451 2282 1530 2313 359.
1573 2279 1632 2313 die

926 2326 1145 2370 Septembris
1161 2327 1214 2359 13.
1234 2325 1384 2359 Rursus
1397 2336 1485 2358 uero
1501 2324 1632 2358 Aeacii

920 2371 1091 2415 potentia
1105 2371 1227 2414 fretus
1245 2370 1503 2414 imperatorem
1521 2370 1630 2412 adiit,

925 2427 1014 2451 suas
1040 2416 1285 2460 blasphemias
1302 2416 1412 2449 uerbo
1432 2419 1537 2449 tenus
1555 2415 1631 2449 eiu-

925 2465 986 2495 rat
1019 2465 1052 2495 et
1084 2462 1194 2495 initio
1226 2461 1318 2494 (iiiiii
1347 2464 1427 2495 360.
1467 2461 1505 2493 in
1540 2461 1631 2495 Gon-

926 2507 1265 2551 stantinopolitano
1291 2510 1476 2540 conuentu
1502 2517 1525 2538 a
1551 2506 1631 2540 suis

926 2553 1141 2595 fautoribus
1159 2555 1191 2585 et
1216 2552 1435 2586 Constantio
1449 2551 1632 2595 probante

932 2599 967 2633 Ο.
987 2598 1157 2632 ccclesiae
1172 2597 1402 2641 praeficitur.
1439 2597 1540 2630 Haec
1558 2597 1630 2630 Bo-

926 2644 1050 2677 schius
1065 2643 1102 2676 in
1120 2643 1219 2677 Hist.
1240 2642 1450 2677 Patriarch.
1463 2643 1631 2676 Antioch.

923 2689 1142 2733 praeposita
1184 2691 1264 2722 tom.
1307 2689 1366 2721 IV
1403 2688 1496 2721 Iulii
1537 2688 1630 2721 Boll.

931 2735 1062 2769 Utrum
1088 2733 1354 2767 Antiochenam
1385 2743 1524 2776 quoque
1554 2734 1631 2775 for-

926 2780 1059 2814 mulam
1076 2779 1280 2812 eiurauerit
1300 2779 1512 2821 Eudoxias,
1530 2779 1630 2812 nide-

927 2829 988 2859 tur
1027 2826 1229 2867 incertum,
1271 2836 1351 2858 cum
1390 2825 1632 2858 Seleueienses

921 2874 1051 2915 patres
1069 2870 1163 2903 nihil
1176 2873 1306 2904 contra
1325 2871 1528 2903 statuerint
1548 2881 1631 2903 con-
