1934 3278
271 243 353 284 250
928 242 1119 275 Luciferi

270 368 498 420 auferetur.
532 381 678 409 uerum
701 371 841 409 tamen
872 368 1067 409 inimicos
1098 381 1207 410 meos
1228 368 1336 421 illos,
1369 370 1441 422 qui
1461 371 1687 412 noluerunt
1710 384 1771 411 me

269 449 446 490 reynare
476 449 602 489 super
632 449 685 490 se,
719 436 916 478 adducite
947 435 1027 477 huc
1058 429 1103 477 et
1125 436 1346 489 interficite
1378 439 1475 479 ante
1507 451 1580 479 me.

326 505 439 546 XIX.
491 505 649 557 Nempe
693 504 725 545 si
766 504 808 546 te
852 516 931 546 non
976 505 1228 554 mutaueris,
1277 518 1382 546 unus
1415 505 1494 546 eris
1529 518 1575 547 ex
1607 505 1671 547 his
1704 506 1772 559 qui

270 573 449 614 interfici
481 573 647 614 fuerunt
675 573 790 614 iussi.
832 573 924 614 hinc
959 573 1162 626 superbus
1195 573 1340 614 uideor
1370 573 1458 623 tibi,
1494 574 1590 627 quia
1621 575 1662 615 te
1696 587 1771 615 cu-

269 643 381 695 piam
412 655 491 683 non
522 642 714 691 interfici,
749 642 845 694 quia
877 642 954 683 sim
978 642 1175 695 exoptans
1202 641 1293 697 <in>
1319 642 1392 683 illa
1415 643 1646 695 quantitate
1673 643 1774 684 mihi

271 711 507 760 commissa,
541 723 665 763 quam
699 710 818 763 cupio
850 711 1134 763 multiplicari,
1166 710 1208 751 te
1242 722 1404 763 quoque
1437 711 1624 752 inueniri.
1679 712 1775 765 quia

270 779 345 820 tali
386 779 511 820 modo
552 780 693 820 tecum
734 790 931 832 geramus
972 779 1144 823 luctam.
1187 779 1381 820 uidemur
1411 779 1487 821 tibi
1519 779 1688 827 inimici,
1732 780 1774 821 hi

271 849 340 901 qui
371 848 641 901 praeceptum
672 848 898 888 retinentes
930 848 1041 889 beati
1076 848 1251 901 apostoli
1287 848 1568 890 indesinenter
1609 849 1774 902 propter

270 917 387 957 tuam
420 917 753 958 incolumitatem
785 917 1008 958 fundamus
1039 930 1218 970 precem.
1273 918 1432 959 obsecro
1472 918 1606 972 iqitm·
1634 918 1776 970 primo

272 987 460 1027 omnium
490 987 585 1039 fieri
617 986 911 1027 obses-rationes
943 987 1154 1028 orationes
1188 986 1497 1039 postulationes
1531 987 1776 1040 qratiarum

272 1057 452 1096 actiones
487 1069 567 1107 pro
609 1056 800 1097 omnibus
839 1055 1075 1097 hominibus
1107 1069 1190 1108 pro
1220 1055 1385 1109 reqibus
1416 1058 1453 1096 et
1484 1056 1671 1096 omnibus
1703 1055 1776 1108 qui

270 1124 317 1164 in
347 1123 602 1165 sublimitate
633 1127 744 1173 sunt,
778 1127 826 1165 ut
857 1124 1142 1177 tranquillam
1165 1128 1200 1165 et
1232 1125 1416 1177 quietam
1437 1124 1574 1165 uitam
1597 1137 1776 1178 aqanius

272 1205 365 1233 eum
391 1193 551 1245 pietate
582 1196 618 1233 et
647 1194 875 1245 qranitate.
907 1193 980 1234 hoc
1002 1193 1114 1234 enim
1136 1193 1288 1234 bonum
1322 1195 1358 1234 et
1389 1195 1604 1245 acceptum
1636 1205 1776 1234 coram

271 1261 456 1302 salutari
495 1264 637 1302 nostro
677 1262 768 1312 cleo,
817 1261 890 1313 qui
921 1274 1062 1302 omnes
1103 1260 1289 1302 homines
1318 1260 1412 1302 iiult
1442 1260 1584 1302 saluos
1614 1261 1710 1314 fieri
1741 1263 1777 1301 et

272 1331 327 1372 acl
358 1331 615 1384 aqnitionem
647 1331 844 1372 ueritatis
875 1331 1033 1372 uenire.
1087 1330 1282 1371 uidemur
1320 1329 1396 1370 tibi
1435 1328 1593 1370 inimici
1631 1329 1674 1370 hi
1707 1328 1777 1383 qui

270 1399 312 1439 te
346 1399 599 1452 agnitionem
630 1399 821 1441 ueritatis
854 1399 1044 1452 cupimus
1076 1399 1294 1452 consequi3
1333 1399 1679 1440 contumeliosum
1710 1411 1776 1440 me

272 1467 397 1517 dieis,
447 1468 543 1520 quia
577 1467 715 1509 dicam
747 1481 852 1520 quae
883 1468 981 1509 tuae
1016 1468 1057 1509 et
1087 1480 1206 1509 meae
1239 1467 1475 1509 conducant
1512 1468 1650 1509 saluti.
1704 1467 1777 1509 sed

270 1536 372 1577 haec
417 1548 579 1589 quoque
625 1536 888 1578 adseueratio
929 1537 1025 1586 tua,
1076 1549 1181 1590 quae
1224 1537 1402 1578 adstruit
1433 1550 1498 1578 me
1530 1537 1607 1578 tibi
1639 1537 1776 1578 faeere

270 1605 478 1656 iniuriam,
512 1605 695 1647 ostendit
725 1605 766 1647 te
798 1605 1102 1658 inprudentem.
1149 1606 1182 1647 si
1217 1606 1366 1646 etenim
1401 1605 1550 1647 fuisses
1582 1605 1776 1659 prudens,

270 1674 402 1728 primo
435 1688 661 1727 numquam
694 1674 924 1728 sacrilegus
954 1675 1144 1727 repertus
1176 1673 1339 1716 fuisses.
1382 1674 1530 1715 deinde
1564 1676 1777 1727 correptus

272 1755 484 1784 sacrarum
532 1743 767 1784 litterarum
815 1743 1095 1798 auetori<tate
1139 1743 1472 1798 temperan>tem
1511 1744 1553 1784 te
1585 1743 1668 1784 iam
1699 1745 1776 1785 ho-

270 1812 425 1853 minem
471 1812 755 1864 praebuisses3
813 1812 855 1852 at
901 1824 1028 1862 nune,
1077 1812 1173 1864 quia
1219 1812 1275 1853 sis
1320 1812 1570 1865 inprudens,
1623 1812 1778 1853 dicenti

270 1880 347 1921 tibi
371 1880 583 1934 episcopo:
616 1881 860 1933 imperator,
885 1880 1069 1933 prouide
1100 1880 1230 1922 saluti
1264 1883 1381 1932 tuae‚·
1413 1894 1453 1922 es
1483 1881 1596 1922 enim
1627 1882 1776 1935 inqen—

271 1950 380 1991 tibus
408 1950 593 1991 sarcinis
623 1950 821 1991 scelerum
843 1951 1013 1990 tuorum
1041 1952 1368 2003 praeqrauatus,
1404 1948 1530 1990 dieis:
1564 1953 1774 1991 contume-

273 2018 381 2059 liam
413 2018 519 2058 milii
549 2018 670 2070 facis.
715 2020 838 2059 testor
869 2030 1010 2058 corani
1041 2018 1127 2067 deo,
1161 2017 1263 2058 dicit
1296 2017 1508 2071 apostolus
1544 2018 1775 2069 Timotheo,

272 2089 309 2128 et
342 2085 507 2128 Christo
538 2086 637 2127 Iesu
669 2089 704 2127 et
735 2086 874 2127 electis
905 2086 1078 2140 anqehs,
1111 2089 1158 2127 ut
1189 2086 1290 2128 haec
1321 2087 1536 2128 custodias
1567 2087 1656 2128 sine
1687 2088 1776 2129 clis-

273 2155 462 2203 crimine,
496 2155 608 2196 nihil
639 2155 802 2207 faciens
827 2156 872 2196 in
906 2155 1041 2196 aliam
1057 2158 1241 2210 partem,
1273 2156 1344 2196 secl
1367 2156 1618 2207 aequitatem
1641 2159 1775 2197 custo-

272 2224 376 2265 dire.
435 2224 475 2264 et
511 2224 557 2264 tu
597 2224 945 2266 contumeliosum
986 2224 1171 2277 appellas
1212 2237 1330 2274 eum,
1379 2224 1449 2277 qui
1486 2225 1527 2265 te
1567 2225 1607 2266 in
1647 2225 1777 2266 tantis

273 2292 500 2334 sceleribus
534 2292 838 2346 deprehensum
869 2305 976 2334 nunc
1008 2293 1214 2346 increpet,
1260 2305 1332 2334 eur
1362 2293 1436 2334 illa
1468 2293 1595 2335 fueris
1626 2306 1776 2347 perpe-

272 2361 428 2411 tratus,
479 2374 584 2403 nunc
619 2361 888 2415 deprecetur,
937 2362 984 2402 ut
1019 2362 1150 2403 temet
1190 2362 1287 2402 dum
1328 2361 1508 2403 facultas
1552 2363 1614 2403 est
1654 2362 1777 2404 malis

275 2429 425 2482 eripias
465 2431 548 2472 tuis
589 2431 729 2484 sisque
767 2431 884 2482 talis,
934 2444 1056 2484 quem
1096 2444 1174 2473 non
1218 2431 1320 2473 deus
1358 2431 1502 2484 puniat
1540 2431 1647 2471 inter
1683 2430 1776 2472 illos

411 2592 431 2625 9
457 2592 472 2625 Ι
499 2591 583 2625 Tim.
610 2591 642 2631 2,
672 2592 757 2625 1-5
852 2591 895 2624 25
921 2591 966 2626 ib.
995 2592 1026 2631 5,
1054 2592 1093 2625 21

345 2740 365 2773 3
391 2741 582 2775 mutaberis
615 2743 652 2785 V,
680 2754 741 2776 em.
768 2742 951 2776 Latinius
1059 2742 1078 2775 5
1103 2742 1139 2775 in
1165 2741 1253 2775 add.
1281 2741 1462 2775 Latmius
1558 2740 1577 2773 9
1603 2738 1777 2772 incolomi-

277 2798 387 2830 tatem
510 2798 549 2831 17
577 2798 764 2832 condicant
790 2811 834 2833 m.
852 2802 870 2833 1
990 2799 1028 2832 21
1059 2799 1267 2832 auctoritate
1292 2798 1546 2841 temperantem
1570 2798 1605 2830 te
1631 2795 1777 2839 scripsi,

278 2854 482 2888 auctoritem
507 2856 543 2888 te
579 2857 613 2889 V.
642 2857 851 2889 auctoritate
877 2858 988 2890 temet
1013 2867 1031 2890 2²
1127 2855 1171 2888 24
1198 2855 1324 2889 sacinis
1350 2866 1394 2888 m.
1424 2857 1441 2887 1

1796 1002 1827 1026 10

1798 1342 1828 1368 15

1798 1685 1829 1709 20

1798 2026 1830 2052 25

1797 2370 1828 2395 30
