1934 3278
14 1193 80 1219 (lod.
103 1192 253 1253 Lekiensis

35 1946 236 1979 Apographum

59 1981 210 2007 Sirmondi.

17 2729 110 2754 Editio
131 2729 239 2762 prian
250 2738 261 2755 s

84 2766 186 2795 (1649).

279 265 338 293 ΧΠ

280 377 390 418 enim
431 389 591 429 quoque
633 376 811 430 suspicio
852 377 914 417 est
955 376 1191 431 Rigaltium
1232 389 1278 418 ex
1314 377 1405 430 ipso
1438 378 1670 433 apographo
1704 378 1790 420 Sir-

279 446 499 487 mondiano
532 445 746 498 petiuisse.

340 538 496 588 Restat,
528 539 576 579 ut
607 550 734 591 pauca
766 537 953 579 dicamus
987 539 1034 579 de
1066 537 1192 579 uariis
1215 537 1480 592 lectionibus,
1514 550 1618 592 quae
1640 539 1680 580 in
1705 540 1793 580 cod.

280 607 321 652 B
362 608 525 660 praeter
567 607 728 647 textum
771 606 990 647 adiunctae
1031 606 1142 649 sunt.
1203 606 1357 648 Earum
1399 618 1595 660 magnam
1632 610 1794 661 partem

280 675 414 729 prima
445 687 591 716 manus
622 687 745 728 supra
776 675 908 715 lineas
941 674 1130 727 scripsit3
1163 675 1367 727 quaedam
1391 678 1531 717 autem
1554 676 1690 718 altera
1720 676 1796 717 illa

281 755 409 785 manu
441 744 602 796 adiecta
633 746 744 793 sunt,
778 755 884 796 quae
916 742 1178 784 acrostichon
1200 743 1221 783 Ι
1247 744 1298 785 18
1321 744 1454 797 primo
1477 744 1676 786 omissum
1699 757 1795 797 sup-

280 812 425 865 pleuit.
480 812 597 854 Hanc
640 812 814 853 alteram
858 811 1013 853 codicis
1045 812 1085 856 Β
1127 824 1301 853 manum
1335 813 1465 864 ipsius
1497 812 1675 866 Rigaltii
1708 825 1796 853 esse

281 882 478 934 cognoui,
512 883 579 923 ubi
612 881 716 922 mihi
749 880 941 933 contigit,
975 883 1022 921 ut
1054 881 1235 922 codicem
1268 881 1308 926 B
1341 893 1435 922 cum
1467 882 1577 922 notis
1611 883 1652 922 et
1685 894 1793 923 com-

282 951 624 992 mentatiunculis
657 962 953 1003 compararem,
988 962 1088 1002 quas
1120 949 1332 1003 Rigaltius
1356 950 1614 991 Berolinensi
1648 951 1796 992 editio-

282 1019 345 1059 nis
379 1019 579 1072 principis
613 1018 840 1071 exemplari
873 1030 949 1059 sua
979 1030 1105 1059 manu
1138 1017 1374 1069 subiunxit3
1422 1020 1470 1060 de
1509 1030 1590 1072 qua
1626 1031 1668 1059 re
1704 1019 1797 1061 uide

282 1086 670 1141 Sitzungsberichte
702 1087 818 1129 GVH
850 1099 888 1139 p.
924 1085 1008 1128 714
1038 1098 1097 1139 sq.

341 1179 484 1222 Codici
515 1180 704 1221 Parisino
737 1179 1010 1220 Leidensis
1043 1178 1286 1220 simillimus
1321 1182 1394 1220 est.
1442 1178 1576 1220 Iidem
1600 1192 1694 1221 cum
1715 1191 1797 1221 non

281 1249 424 1302 paucis
466 1249 568 1291 locis
616 1250 726 1290 inter
758 1262 801 1290 se
833 1248 1050 1297 differant,
1099 1249 1354 1290 Ernestus
1387 1249 1593 1303 Ludwig
1634 1249 1798 1302 putauit

281 1330 363 1360 non
394 1318 572 1360 alterum
605 1332 650 1360 ex
682 1319 811 1360 altero
845 1318 1097 1371 descriptum
1130 1331 1244 1370 esse,
1283 1320 1352 1360 sed
1383 1319 1605 1371 utrumque
1637 1331 1686 1360 ex
1716 1329 1797 1359 uno

282 1388 506 1440 eodemque
548 1389 777 1441 antiquiore
809 1387 1031 1440 archetypo
1063 1387 1240 1428 fluxisse.
1296 1388 1381 1441 Ego
1412 1399 1509 1429 uero
1542 1389 1582 1428 et
1614 1386 1798 1441 singulos

282 1458 471 1497 accurate
504 1457 743 1498 excutiendo
776 1458 817 1497 et
847 1456 989 1497 ambos
1020 1456 1129 1497 inter
1159 1469 1203 1497 se
1226 1457 1499 1509 comparando
1523 1455 1695 1498 dubium
1718 1468 1798 1497 non

283 1537 371 1566 esse
412 1526 619 1578 intellexi,
669 1527 769 1578 quin
801 1524 1020 1567 Leidensis
1059 1537 1105 1566 ex
1140 1525 1330 1567 Parisino
1373 1526 1432 1567 ita
1465 1525 1521 1566 sit
1552 1524 1798 1579 descriptus,

282 1594 330 1635 ut
361 1594 554 1636 librarius
587 1594 740 1636 codicis
772 1594 998 1644 Leidensis,
1032 1593 1152 1635 homo
1186 1594 1330 1635 doctus
1363 1594 1526 1648 aliquis,
1558 1606 1639 1635 non
1670 1606 1800 1647 pauca

284 1663 511 1704 mutauerit
545 1664 586 1705 et
617 1663 843 1713 addiderit3
891 1663 962 1716 qui
993 1665 1135 1704 utrum
1169 1663 1362 1704 omnibus
1401 1663 1521 1711 locis,
1568 1664 1717 1716 quibus
1748 1664 1798 1704 ab

285 1731 471 1785 exemplo
503 1743 574 1774 suo
608 1731 832 1782 abscessit,
866 1743 938 1773 suo
971 1732 1141 1773 tantum
1172 1731 1340 1785 ingenio
1371 1744 1470 1773 usus
1502 1732 1556 1773 sit
1587 1745 1639 1774 an
1671 1732 1799 1773 inter-

286 1801 384 1842 dum
416 1803 580 1855 praeter
613 1801 796 1843 codicem
828 1802 869 1846 B
903 1801 1028 1843 etiam
1062 1802 1191 1843 alium
1224 1802 1447 1855 inspexerit
1479 1801 1648 1851 librum,
1683 1800 1796 1854 equi-

285 1870 379 1911 dem
401 1883 482 1912 non
505 1870 639 1911 ausim
665 1871 893 1912 decernere.
928 1869 990 1912 Of.
1009 1869 1399 1924 Sitzungsberichte
1417 1868 1531 1911 CVII
1548 1883 1588 1923 p.
1608 1870 1690 1911 720
1712 1881 1799 1923 sqq.

342 1939 584 1993 Apographi
631 1937 915 1981 Sirmondiani
966 1939 1130 1991 saepius
1181 1939 1265 1980 iam
1313 1939 1568 1981 mentionem
1613 1939 1799 1980 fecimus.

284 2008 548 2062 Descriptum
581 2008 684 2050 illud
716 2021 739 2050 a
772 2008 990 2049 Sirmondo
1022 2020 1068 2048 ex
1100 2007 1234 2049 codice
1257 2008 1547 2050 Andecauensi
1581 2008 1720 2058 fuisse,
1754 2009 1801 2049 ut

285 2089 410 2130 supra
442 2080 494 2130 (p.
522 2077 624 2130 VH)
656 2076 991 2129 memorauimus,
1024 2076 1277 2118 Baluzius
1310 2078 1504 2120 testatur.
1551 2078 1667 2119 ldem
1689 2078 1799 2119 anti-

285 2146 533 2199 quissimum
566 2146 693 2187 fuisse
716 2146 1037 2187 fundamentum
1060 2145 1339 2198 cognorimus,
1375 2158 1453 2199 quo
1476 2146 1602 2187 editio
1626 2145 1800 2198 Rigal-

284 2216 431 2256 tiana
481 2214 707 2256 nitebatur.
771 2214 875 2255 Inde
927 2213 1106 2256 codicem
1154 2215 1194 2259 B
1243 2215 1498 2256 descendisse
1544 2215 1798 2256 arbitramur

290 2285 355 2337 (cf.
389 2297 428 2337 p.
466 2284 636 2339 VIIII);
670 2285 807 2337 ipsum
840 2284 979 2324 autem
1012 2283 1295 2337 apographum
1339 2283 1677 2325 Sirmondianum
1719 2295 1799 2324 non

285 2354 367 2395 iam
400 2354 565 2395 uidetur
596 2365 843 2406 comparere.
896 2352 1172 2405 Quamquam,
1206 2352 1248 2393 id
1270 2353 1377 2406 quod
1402 2353 1520 2406 paulo
1544 2355 1637 2407 post
1660 2358 1797 2394 osten-

287 2421 429 2472 detur,
477 2435 558 2464 non
599 2434 754 2475 paucae
786 2424 871 2464 eius
904 2422 1098 2463 lectiones
1133 2421 1313 2464 editione
1346 2422 1530 2475 principe
1562 2422 1679 2464 nobis
1713 2434 1798 2463 ser-

286 2492 409 2532 uatae
441 2492 552 2532 sunt.

617 2617 689 2661 De
722 2617 1031 2662 editionibus
1062 2616 1467 2662 instructionum.

346 2718 484 2760 Editio
517 2719 705 2772 princeps
737 2732 759 2760 a
790 2719 960 2761 Nicolao
993 2719 1179 2773 Rigaltio
1222 2722 1365 2760 curata
1397 2719 1456 2761 sic
1489 2720 1549 2760 est
1580 2718 1799 2771 inscripta:

341 2797 648 2841 'Commodiani
667 2800 963 2842 instructiones
984 2813 1053 2854 per
1075 2800 1239 2842 litteras
1264 2813 1458 2841 uersuum
1475 2800 1643 2853 primaS.
1678 2800 1798 2840 Tem-

290 2879 386 2920 pore
419 2866 608 2909 Siluestri
643 2869 688 2909 P.
722 2870 768 2909 R..
810 2869 884 2910 sub
917 2869 1188 2911 Constantino
1222 2868 1336 2910 Caes.
1371 2869 1634 2922 compositae.
1682 2867 1800 2908 Nunc
