1934 3278
601 241 655 275 De
681 242 803 275 sancto
827 238 1022 274 Athanasio
1048 237 1137 272 liber
1160 237 1185 272 I.
1593 236 1648 280 83

151 368 338 418 ueniunt,
384 369 421 409 et
458 366 702 420 disperdam
738 378 876 407 semen
913 367 1033 406 tuum
1071 366 1108 407 et
1146 376 1286 406 semen
1317 364 1458 416 patris
1500 363 1575 414 tui,
1612 366 1650 405 et

150 449 234 478 mm
264 437 343 478 erit
373 435 449 478 tibi
478 448 602 477 senem
636 435 680 477 in
717 434 836 476 domo
875 447 968 475 mea
1005 431 1197 475 omnibus
1233 431 1389 484 diebus,
1429 434 1468 474 et
1506 432 1653 474 uirum

149 505 393 558 disperdam
426 504 500 547 tibi·
529 517 558 545 a
587 503 776 546 sacrario
807 515 904 556 meo,
939 504 987 543 ut
1015 501 1214 555 deficiant
1243 501 1354 543 oculi
1373 502 1475 551 eius,
1506 504 1543 543 et
1572 500 1646 542 de-

147 574 249 626 fluet
279 574 428 615 anima
459 574 561 615 eius.
595 576 632 615 et
661 572 796 614 omnis
826 584 933 625 quae
962 570 1228 624 superauerit
1248 569 1470 612 multitudo
1491 583 1511 611 e
1531 570 1652 612 domo

85 675 88 679 v
113 646 225 684 δέκα
255 642 413 684 decidet
441 642 489 683 in
517 640 662 695 yladio
684 641 890 682 uirorum.
923 639 1054 681 etheo
1075 639 1354 693 tibisiynum,
1385 638 1495 692 quod
1515 638 1652 681 ueniet

150 723 276 764 super
305 710 407 752 duos
436 710 548 763 filios
580 712 671 751 tuos
701 709 772 751 hos
808 707 910 758 Ofm'
939 710 978 749 et
1009 708 1180 759 Finees‚
1220 708 1270 748 in
1305 721 1390 749 uno
1420 707 1489 749 die
1525 707 1651 748 mori·

147 782 273 830 entur
293 779 411 820 ambo
429 778 574 832 „eladio
596 778 800 820 uirorum.
852 777 887 818 si
910 777 1016 818 hanc
1040 776 1112 818 ille
1136 775 1299 829 accepit
1327 776 1653 829 increpationem

152 859 224 900 pro
257 846 354 888 filiis
387 859 410 887 a
442 846 533 895 deo,
566 846 734 899 qualem
766 858 841 887 nos
862 857 1118 886 mereremur
1141 845 1330 898 accipere
1360 857 1433 898 pro
1454 845 1509 895 te,
1543 845 1654 888 Con-

154 915 311 957 stanti?
350 914 475 956 credo
517 914 675 956 dictum
706 914 856 956 fuisset
886 914 1024 956 nobis:
1062 914 1161 965 plus
1200 913 1507 966 honorificastis
1546 912 1655 956 Con-

103 995 136 1020 10
152 984 361 1026 stantium
390 997 519 1036 quam
549 997 624 1037 me,
659 982 866 1036 quomodo
897 982 961 1023 ilh'
984 982 1143 1023 dictum
1176 982 1251 1031 est,
1284 980 1396 1034 quod
1415 981 1508 1035 plus
1530 982 1655 1024 hono-

154 1052 384 1093 rificauerit
413 1052 523 1094 filios
554 1064 679 1105 quam
712 1051 849 1093 deum.
883 1064 977 1104 qua,
1009 1050 1160 1104 inquis,
1196 1050 1247 1092 de
1278 1053 1351 1092 re?
1391 1050 1489 1104 quia
1520 1050 1554 1092 si
1584 1051 1658 1092 tua

155 1120 402 1162 fecissemus
440 1120 688 1173 praecepta,
737 1120 893 1162 domini
936 1119 1253 1162 inueniebamur
1285 1119 1514 1172 spreuisse,
1562 1119 1658 1172 quia

158 1189 364 1243 Georgius
396 1188 462 1238 sit,
496 1189 542 1229 ut
571 1188 726 1230 fuerint
756 1188 832 1229 filii
861 1188 973 1239 Heli,
1006 1187 1118 1230 filius
1147 1187 1426 1241 pestilentiae,
1460 1200 1583 1241 quem
1613 1188 1658 1228 tu

155 1257 247 1299 loco
291 1256 358 1298 dei
389 1256 566 1298 hominis
598 1257 818 1299 Athanasii
856 1256 1159 1299 conlocandum
1197 1269 1270 1310 per
1309 1269 1382 1298 nos
1421 1268 1656 1298 censueras.

106 1341 142 1365 ιο
158 1325 307 1369 deinde
330 1338 426 1367 cum
448 1325 562 1366 dicat
584 1325 707 1367 deus:
739 1326 813 1378 qui
843 1339 906 1367 me
936 1325 1279 1378 honorificauerit
1298 1325 1659 1378 honorificabitur.

156 1398 194 1436 et
221 1396 296 1448 qm}
326 1408 389 1436 me
417 1394 582 1447 spernit
611 1395 667 1436 ad
698 1393 882 1436 nihilum
912 1394 1135 1447 redimetur,
1168 1393 1203 1435 si
1224 1395 1342 1435 tuam
1363 1394 1509 1435 contra
1528 1393 1658 1446 ipsius

159 1462 302 1504 diuina
326 1462 526 1504 mandata
546 1462 752 1515 prolatam
775 1475 922 1504 uocem
945 1462 1195 1516 sacrilegam
1222 1462 1475 1513 audiremus,
1498 1461 1659 1504 honori-

158 1542 406 1572 caueramus
439 1529 591 1571 deum?
623 1542 673 1570 an
705 1529 741 1571 si
770 1531 812 1571 te
844 1529 947 1571 nihil
977 1542 1068 1572 esse
1099 1529 1334 1572 iudicantes
1355 1530 1469 1572 illius
1498 1531 1661 1571 tantum

160 1599 291 1641 sacris
323 1598 492 1640 statutis
523 1610 669 1651 parere
702 1598 955 1641 niteremur?
1016 1599 1177 1640 interea
1206 1600 1252 1640 tu
1284 1599 1437 1653 gaude,
1477 1599 1575 1653 quia
1606 1598 1662 1640 sis

106 1690 143 1714 20
163 1669 418 1710 exhonorans
450 1667 588 1708 deum.
651 1667 769 1709 audis
802 1668 912 1709 enim
942 1667 1078 1721 ipsum
1112 1667 1334 1719 dicentem,
1366 1667 1477 1721 quod
1498 1667 1662 1709 uenturi

162 1737 245 1779 sint
278 1736 330 1778 ad
362 1736 535 1777 nihilum
575 1748 717 1778 omnes
757 1749 852 1778 eum
891 1736 1143 1789 spernentes.
1208 1748 1258 1777 an
1297 1736 1470 1790 negabis
1508 1737 1550 1777 te
1591 1748 1663 1777 ex-

161 1806 385 1847 honorasse
421 1804 546 1847 deum
576 1804 760 1846 tollendo
794 1805 1035 1846 sacerdotes
1067 1817 1087 1845 e
1110 1804 1300 1857 plebibus
1332 1817 1435 1858 quos
1457 1803 1665 1846 ordinauit

162 1873 260 1916 ille?
294 1887 343 1915 an
375 1873 548 1927 negabis
579 1874 620 1914 te
653 1874 928 1915 exhonorasse
956 1872 1181 1923 dominum,
1215 1872 1380 1926 quando
1401 1873 1546 1915 contra
1566 1885 1665 1914 san-

163 1942 249 1984 cita
279 1943 410 1996 ipsius
440 1941 630 1996 coegeris
662 1942 903 1985 sacerdotes
928 1942 1016 1983 eius
1040 1941 1237 1983 damnare
1262 1942 1477 1983 absentem
1498 1939 1665 1982 inaudi-

107 2012 280 2054 25tu111‘?
311 2023 391 2052 non
423 2023 520 2065 ergo
553 2012 818 2053 exhonorasti
851 2011 990 2060 deum,
1024 2010 1189 2064 quando
1220 2010 1368 2051 tuleris
1391 2008 1665 2063 apostolicam

165 2080 290 2133 atque
337 2079 627 2134 euangelicam
666 2080 937 2122 traditionem
984 2079 1025 2120 et
1064 2078 1359 2129 idololatriam,
1402 2090 1526 2131 quam
1558 2076 1666 2118 Arrii

165 2147 454 2189 aedificauerit
483 2148 524 2189 in
547 2149 672 2190 corde
697 2148 900 2199 diabolus,
925 2147 1124 2189 statueris
1148 2147 1197 2189 ab
1222 2147 1411 2189 omnibus
1438 2145 1668 2188 cultoribus

164 2217 297 2271 teneri
331 2216 425 2258 dei?

223 2285 294 2326 XI.
330 2284 436 2327 Cum
466 2286 569 2327 haec
601 2284 662 2326 ita
692 2285 787 2335 sint,
820 2285 903 2327 iani
934 2286 1031 2326 tuae
1066 2284 1143 2326 erit
1163 2283 1407 2337 prudentiae
1431 2282 1667 2330 aestimare,

111 2354 267 2407 sequid
296 2354 373 2395 tibi
412 2353 622 2407 agendum
667 2354 872 2407 expediat,
920 2355 1113 2395 utrumne
1152 2352 1217 2394 hic
1258 2350 1469 2405 corrigens
1509 2360 1671 2391 errores

308 2490 347 2523 15
373 2488 388 2522 1
413 2488 496 2533 neg.
522 2488 555 2528 2,
582 2488 625 2522 30

235 2602 256 2635 3
275 2601 340 2636 tibi
359 2613 423 2636 om.
447 2614 463 2636 υ
558 2604 579 2637 6
599 2603 748 2637 Phineos
770 2615 786 2637 υ
880 2585 1072 2657 moriuntur
1098 2607 1120 2645 (⁰
1141 2614 1181 2636 m.
1203 2609 1286 2644 rec.)
1384 2601 1426 2634 12
1445 2600 1579 2645 spuisse

171 2658 212 2693 13
238 2659 282 2693 eli
378 2658 420 2693 18
438 2658 671 2715 iudicandites
774 2659 817 2693 22
845 2659 1021 2694 dominum
1042 2671 1059 2693 υ
1154 2657 1351 2692 sacerdotes
1375 2659 1404 2701 (s
1432 2658 1471 2692 in
1488 2659 1579 2699 ras.)

169 2750 254 2783 quos
280 2750 307 2773 s.
334 2738 355 2773 l.
382 2750 424 2773 m.
452 2742 470 2773 1
576 2738 620 2773 23
647 2751 713 2773 ann
815 2741 974 2773 smncita
1079 2738 1123 2771 24
1148 2714 1299 2772 sacci-'fes
1404 2736 1448 2771 26
1474 2736 1673 2771 idolatriam

170 2807 212 2830 m.
240 2799 258 2830 1
354 2796 429 2831 Arii
447 2796 641 2840 Latmius,
660 2797 769 2831 arrius
793 2797 838 2840 V,·
864 2796 955 2830 Arrii
973 2794 1256 2830 exaedificauerit
1273 2796 1361 2838 fort.
1455 2794 1499 2828 27
1513 2793 1674 2828 omnibus

169 2854 318 2898 scripsi,
344 2853 543 2888 hominibus
569 2855 621 2898 (in
646 2854 692 2888 mi
717 2865 876 2889 rasurae
902 2853 1098 2896 indicium)
1134 2853 1164 2888 V
1184 2856 1219 2888 et
1247 2863 1264 2887 υ

1494 2920 1537 2953 6*
