1934 3278
280 264 358 304 17ss
929 264 1127 298 Luciferi

275 387 456 429 audistis
487 388 538 429 ab
570 389 730 441 oriyine
760 392 805 429 ut
836 402 1022 430 amemus
1046 389 1323 441 alterutrum;
1348 392 1392 431 et
1420 403 1504 431 non
1535 391 1645 432 sicut
1665 390 1776 433 Cain

282 470 331 496 esc
360 456 548 510 maliyno
578 458 676 510 fuit,
709 461 745 498 ct
775 457 986 510 interfecit
1015 458 1195 510 fratrem
1227 471 1364 500 suum.
1417 462 1454 500 et
1478 463 1652 512 propter
1673 459 1775 512 quid

283 525 495 577 interfecit
525 529 651 567 eum?
682 527 886 578 quoniam
908 540 1033 579 opera
1054 527 1177 568 illius
1198 526 1392 580 maliyiia
1414 527 1599 580 fuerunt,
1622 528 1774 580 fratris

282 597 418 635 nutem
449 595 516 635 siti
547 595 673 636 iusta.

334 663 446 704 XVI.
478 662 564 703 Nec
601 663 727 704 debes
751 662 942 703 dubitare
976 663 1195 715 operatua
1217 676 1307 704 esse
1329 663 1525 716 maligna,
1558 664 1774 706 Athanasii
1812 675 1828 700 ⁵

277 745 373 773 uero
407 733 529 773 iusta.
592 734 634 772 tu
672 732 822 771 etenim
858 744 901 772 es
931 732 1154 779 homicida,
1186 733 1401 785 religionis
1435 733 1501 774 dei
1524 733 1771 784 destructor,

274 801 384 841 unici
407 801 481 842 filii
506 801 571 841 dei
595 801 779 854 negator,
815 801 1068 853 apostolicae
1090 800 1189 841 fidei
1213 803 1480 855 expugnator,
1513 802 1775 843 idololatriae

276 870 474 911 Arrianae
507 869 723 917 fundator3
771 870 917 910 contra
946 869 1201 910 Athanasius
1242 871 1305 910 est
1341 870 1382 911 in
1420 871 1569 912 timore
1610 870 1677 911 dei
1713 871 1774 911 vita

275 950 534 991 permanens,
558 938 604 978 ut
626 938 728 979 nihil
751 938 1024 988 commisisse,
1060 939 1260 991 quantum
1282 939 1417 980 uideri
1438 940 1588 992 potest,
1611 939 1775 980 inueni-

274 1008 365 1048 atur
399 1007 509 1060 quod
541 1020 636 1047 eum
667 1008 800 1059 possit
832 1020 855 1048 a
888 1007 964 1048 deo
998 1007 1282 1048 dilectissimis
1315 1020 1520 1060 separare.
1556 1021 1650 1049 cum
1672 1009 1774 1049 haec
1796 1016 1828 1041 10

272 1076 330 1116 ita
362 1076 456 1125 sint,
490 1076 704 1116 hortamur
738 1076 888 1129 diligas
925 1077 968 1116 te
998 1076 1039 1116 in
1072 1076 1313 1117 Athanasio.
1365 1076 1520 1118 retines
1552 1077 1774 1130 scriptum:

273 1145 423 1199 diliyes
447 1146 692 1198 proximum
724 1149 843 1186 tuum
877 1148 1094 1198 tamquam
1116 1147 1316 1198 teipsum
1348 1147 1390 1187 et
1421 1147 1494 1199 qui
1515 1146 1661 1200 diliyit
1674 1159 1776 1198 pro—

271 1214 434 1255 :ri‘mum
466 1214 592 1267 leycm
622 1214 827 1266 impleuit.
888 1215 936 1254 ut
968 1214 1120 1254 etenim
1161 1214 1202 1255 te
1233 1215 1274 1255 in
1305 1214 1394 1267 ipso
1437 1215 1540 1265 odis,
1579 1215 1774 1268 ignorans

273 1283 371 1335 quia
400 1283 557 1324 malum
591 1283 645 1324 sit
683 1283 840 1323 iustum
883 1282 996 1324 odire
1036 1283 1203 1332 iniuste,
1251 1283 1313 1323 ita
1352 1283 1394 1323 te
1432 1283 1473 1323 in
1517 1296 1563 1324 eo
1602 1283 1774 1336 incipies

272 1364 424 1402 amare,
449 1352 483 1393 si
505 1353 606 1392 haec·
626 1352 698 1391 tua
714 1351 1004 1392 maliuolentia
1019 1352 1144 1392 fuerit
1160 1364 1363 1393 conuersa
1378 1352 1418 1392 in
1436 1352 1775 1394 beniuolentiam.
1795 1368 1826 1393 15

270 1421 366 1461 tunc
399 1421 554 1473 poteris
588 1420 689 1472 eripi
724 1433 743 1460 e
775 1420 972 1469 tenebris,
1015 1420 1055 1460 in
1089 1420 1239 1472 quibus
1277 1421 1318 1461 te
1353 1420 1455 1461 dicit
1486 1422 1633 1462 beatus
1667 1434 1769 1473 apo-

271 1489 403 1530 stolus
434 1490 676 1532 mansitare.
728 1490 856 1530 nolite
887 1490 1010 1540 enim,
1041 1489 1187 1542 inquit,
1221 1490 1387 1539 mirari,
1419 1490 1589 1544 fratres,
1622 1491 1659 1531 si
1689 1491 1775 1532 odit

273 1571 347 1599 iios
378 1559 605 1600 saeculum.
638 1571 716 1599 nos
746 1558 902 1599 scimus
923 1559 1125 1611 quoniam
1149 1559 1379 1600 transitum
1401 1559 1576 1611 fecimus
1597 1573 1624 1600 a
1646 1562 1775 1600 morte

270 1628 326 1668 ad
357 1627 507 1680 uitam,
549 1628 750 1679 quoniam
796 1640 992 1668 amamus
1029 1627 1197 1679 fratres,
1258 1628 1329 1679 qm?
1369 1630 1507 1669 autem
1536 1640 1622 1668 ‘norb
1661 1630 1778 1668 amat

270 1699 413 1737 manet
443 1697 492 1737 iii
521 1699 662 1737 morte.
723 1697 860 1737 omnis
894 1696 967 1747 qui
998 1696 1086 1736 odit
1113 1696 1293 1748 fratrem
1323 1709 1460 1754 suum
1477 1696 1687 1737 homicida
1716 1699 1775 1737 est
1793 1710 1826 1735 20

274 1767 311 1805 et
334 1765 451 1806 scitis
472 1766 575 1817 quia
598 1765 733 1806 omnis
754 1764 966 1805 homicida
988 1778 1074 1805 non
1095 1764 1213 1806 habet
1234 1765 1372 1805 uitam
1392 1766 1442 1805 in
1461 1778 1502 1806 sc
1522 1768 1771 1806 manentem.

272 1847 343 1876 nec
373 1834 529 1875 audeas
551 1834 633 1874 iam
658 1833 821 1874 dicere:
855 1834 1056 1874 damnate
1076 1834 1348 1883 innocentem,
1371 1834 1493 1874 homo
1516 1846 1595 1874 non
1616 1834 1772 1875 habens

270 1903 307 1943 in
339 1904 381 1943 te
414 1903 544 1943 uitam
577 1902 827 1949 manentem,
875 1903 996 1943 homo
1041 1902 1110 1955 qui
1149 1902 1329 1943 necdum
1359 1901 1508 1945 feceris
1548 1902 1771 1943 transitum

273 1971 322 2012 de
354 1972 488 2012 morte
521 1971 573 2012 ad
607 1971 750 2011 uitam.
802 1971 835 2011 si
871 1971 978 2012 enim
1010 1971 1195 2021 fecisses,
1228 1972 1304 2012 hoc
1349 1971 1413 2012 est
1452 1971 1486 2012 si
1524 1971 1564 2011 in
1603 1970 1771 2011 unicum

271 2040 337 2080 dei
369 2040 501 2080 filium
534 2040 643 2081 sicut
674 2052 746 2081 nos
780 2039 1045 2089 credidisses,
1080 2052 1155 2080 nec
1179 2039 1389 2080 homicida
1411 2052 1501 2081 esse
1525 2040 1766 2093 delegisses,
1791 2051 1824 2077 25

271 2122 318 2149 ne
350 2109 550 2149 uidelicet
579 2109 783 2161 inciperes
804 2109 956 2149 iterum
978 2108 1146 2161 regredi
1169 2108 1221 2149 ad
1243 2109 1432 2149 mortem.
1468 2109 1623 2161 duplici
1645 2108 1771 2161 igitur

274 2177 396 2218 modo
429 2178 681 2218 constitutus
729 2178 816 2218 sine
864 2190 935 2230 spe
981 2178 1094 2218 uitae
1139 2177 1334 2230 dignatus
1383 2190 1426 2218 es
1465 2178 1670 2230 imperare
1716 2176 1765 2217 de

269 2246 555 2287 sacerdotibus
614 2246 849 2287 interficere
906 2247 1181 2288 innocentem.
1244 2246 1317 2287 sed
1356 2246 1544 2287 fortassis
1589 2246 1768 2299 temptes

277 2314 435 2355 dicere:
469 2329 563 2356 amo
595 2319 787 2356 amantes
817 2317 938 2357 deum
968 2319 1006 2356 et
1036 2316 1130 2357 odio
1162 2316 1288 2357 habco
1318 2316 1498 2357 odientes
1527 2329 1631 2356 cum.
1695 2314 1768 2355 sed

270 2385 370 2425 haec
405 2385 455 2425 de
489 2385 716 2426 Athanasio
750 2397 827 2425 non
859 2385 1013 2438 poteris
1039 2385 1190 2434 dicere,
1226 2384 1420 2438 quoniam
1442 2384 1611 2437 quidem
1632 2383 1766 2435 magis
1787 2395 1820 2420 30

268 2453 431 2493 constet
461 2454 502 2493 te
536 2454 650 2494 odiro
684 2454 821 2498 deum,
857 2454 953 2506 quia
986 2454 1027 2494 et
1050 2453 1321 2506 dereliqueris
1342 2453 1460 2493 illum
1485 2453 1525 2493 et
1544 2452 1767 2493 transitum

270 2521 417 2561 soceris
444 2521 493 2561 ad
518 2521 810 2563 id‹>›]‹›latria1n.
844 2522 998 2574 itaquo,
1024 2522 1119 2575 quia
1142 2522 1299 2563 nullam
1321 2522 1486 2574 culpam
1508 2519 1767 2574 persequeris

406 2635 447 2667 12
471 2635 597 2668 Matth.
623 2635 679 2675 22,
706 2635 749 2668 39
776 2636 811 2668 et
836 2635 934 2669 Rom.
963 2635 1016 2676 13,
1043 2636 1063 2669 8
1158 2635 1199 2669 17
1224 2635 1239 2668 Ι
1263 2635 1337 2668 Ioh.
1363 2635 1396 2675 3,
1425 2634 1557 2668 13—15

335 2748 354 2781 2
380 2748 547 2781 interficit
640 2750 659 2781 5
687 2750 847 2783 athanasi
943 2751 961 2783 7
987 2749 1171 2783 idolatriae
1191 2762 1231 2784 m.
1251 2752 1270 2782 1
1365 2748 1408 2781 22
1427 2759 1488 2781 nec
1509 2749 1547 2789 V,
1573 2759 1641 2781 non
1660 2759 1678 2781 c

267 2806 308 2839 28
333 2807 450 2839 tentes
486 2807 512 2839 V
543 2818 585 2838 m.
619 2818 685 2840 rec.
722 2809 778 2849 (eit
804 2807 896 2841 coni.
923 2808 1133 2850 Latinius),
1165 2807 1292 2840 temtes
1324 2806 1355 2840 V
1384 2817 1427 2840 m.
1462 2809 1493 2843 1,
1527 2807 1626 2839 tenes
1660 2816 1678 2838 v

266 2874 308 2907 29
335 2876 467 2907 :unates
494 2876 517 2917 (¹¹
546 2888 585 2908 m.
616 2884 697 2911 rer.)
793 2876 837 2908 32
863 2875 1062 2909 idolatriam
