1934 3278
270 225 352 267 134
924 223 1121 257 Luciferi

269 350 535 403 coapostatas
574 350 700 391 tuos?
759 361 832 390 nos
882 349 975 390 odio
1017 349 1125 402 apud
1164 349 1205 389 te
1252 348 1510 399 laboramus,
1560 349 1656 402 quia
1692 350 1773 391 tibi

269 431 369 460 uera
402 419 604 468 dicamus,
639 418 734 471 quia
764 418 806 459 te
838 417 981 459 uiuere
1013 417 1230 459 nobiscum
1261 417 1442 458 uelimus
1462 417 1504 458 in
1532 418 1772 465 aeternum;

270 487 362 529 illos
407 500 505 529 uero
553 501 596 530 es
645 487 822 540 diligens
868 487 937 540 qui
986 487 1038 528 ad
1078 488 1119 527 te
1161 487 1386 528 transitum
1425 485 1622 537 fecerint,
1674 487 1771 528 illos

270 556 339 609 qui
371 569 466 597 cum
496 556 573 598 tibi
603 557 783 609 primum
824 555 1213 611 contra<di>xerint‚
1254 556 1401 608 postea
1437 555 1578 596 tamen
1611 555 1769 597 seruire

269 625 435 667 nefariis
467 625 808 666 meditationibus
839 624 922 665 tuis
955 636 1078 676 quam
1102 623 1168 665 dei
1198 636 1344 676 parere
1369 624 1604 677 praeceptis
1629 624 1769 665 malu-
1806 633 1824 659 5

272 694 387 735 erint.
457 694 645 748 gaudens
687 706 730 735 es
770 706 843 734 cur
883 692 1053 734 eosdem
1094 693 1169 733 tua
1212 692 1447 733 calliditate
1485 692 1676 734 inliciens
1718 692 1772 733 ad

271 763 578 816 suscipiendam
609 762 852 816 perduxeris
884 762 1100 803 haeresem
1122 762 1252 811 tuam‚
1287 762 1398 814 quod
1419 762 1460 802 in
1483 762 1672 803 omnibus
1700 774 1771 803 eos

270 833 425 874 habeas
457 831 680 880 subiectos,
713 830 807 872 illos
841 842 944 883 quos
975 830 1058 871 iam
1080 830 1241 883 pridem
1264 830 1433 871 uideras
1463 843 1536 883 pro
1568 830 1695 871 nihilo
1726 831 1770 871 te

272 902 443 951 ducere,
494 913 596 954 quos
642 900 842 941 cernebas
882 899 1045 940 calcare
1092 899 1271 940 ueritate
1318 900 1435 953 regni
1474 899 1536 940 tui
1584 900 1770 941 auctori-

268 971 411 1011 tatem.
473 970 547 1011 sed
583 969 689 1010 scire
725 969 767 1009 te
802 969 995 1010 uolumus
1036 981 1114 1010 non
1156 981 1246 1010 esse
1284 981 1437 1011 nouum
1477 969 1553 1009 hoc
1596 968 1768 1016 factum,
1791 975 1829 1000 10·

271 1039 343 1079 sed
376 1050 499 1091 saepe
531 1038 590 1079 ita
622 1050 713 1078 esse
747 1038 886 1078 act-um
928 1050 951 1077 a
980 1037 1150 1090 perfidis
1191 1038 1314 1090 atque
1346 1037 1682 1086 inconsideratis,
1719 1037 1770 1078 ab

270 1107 328 1148 eis
361 1119 463 1160 quos
493 1105 707 1159 praescius
729 1106 960 1147 futurorum
993 1118 1062 1146 ore
1094 1106 1358 1148 sanctissimo
1382 1105 1621 1147 Malachiae
1644 1118 1769 1158 prae-

270 1175 499 1218 ostenderit
529 1176 778 1228 prophetae:
809 1176 1027 1229 qrauastis
1059 1176 1284 1217 aduersum
1315 1189 1379 1217 me
1408 1175 1589 1218 consilia
1613 1178 1769 1228 uestra,

269 1246 372 1287 dicit
403 1245 600 1287 dominus
631 1244 907 1298 omnipotens,
951 1247 987 1286 et
1018 1244 1211 1286 dixistis:
1242 1245 1290 1285 in
1320 1258 1406 1297 qua
1436 1258 1479 1285 re
1509 1244 1771 1285 detraximus

268 1314 316 1355 de
339 1314 408 1355 te?
439 1314 543 1366 quia
573 1313 766 1355 dixistis:
797 1325 938 1354 uanus
969 1315 1028 1354 est
1049 1314 1187 1355 omnis
1218 1313 1292 1365 qui
1323 1313 1454 1355 seruit
1484 1313 1568 1354 deo.
1602 1315 1638 1354 et
1668 1312 1770 1365 quid
1790 1322 1822 1347 15

268 1382 466 1434 ampliu&
507 1381 616 1434 quod
646 1381 949 1423 custodiuimus
974 1385 1203 1435 praecepta
1235 1381 1356 1423 illius
1387 1384 1425 1423 et
1455 1381 1770 1422 ambulauimus

268 1451 532 1503 deprecantes
552 1453 649 1490 ante
669 1453 929 1502 conspectum
950 1451 1114 1492 domini
1136 1451 1468 1503 omnipotentis?
1499 1453 1536 1492 et
1556 1464 1670 1492 nune
1692 1463 1769 1491 nos

271 1519 593 1573 maqnificamus
623 1518 796 1574 alienos,
839 1522 876 1561 et
905 1522 1174 1560 renouantur
1203 1532 1342 1561 omnes
1371 1519 1573 1572 facientes
1603 1519 1770 1571 iniqua,
1810 1571 1813 1575 Δ

268 1591 305 1629 et
336 1589 579 1629 restiterunt
609 1587 681 1628 deo
714 1590 750 1628 et
781 1586 941 1628 saluati
962 1590 1075 1629 sunt.
1108 1587 1208 1629 haee
1229 1589 1506 1630 detraxerunt
1527 1587 1602 1640 qui
1623 1588 1771 1628 timent

270 1658 403 1711 deum,
436 1657 724 1709 unusquisque
754 1657 811 1698 ad
835 1658 1083 1708 proximum
1114 1669 1248 1698 suum.
1291 1659 1327 1697 et
1357 1656 1541 1698 intendit
1571 1656 1771 1697 dominus
1789 1673 1827 1698 20

269 1729 305 1768 et
336 1726 561 1767 exaudiuit
591 1728 630 1767 et
659 1725 830 1777 scripsit
860 1726 1014 1767 librum
1046 1724 1328 1766 memorialem
1366 1738 1508 1767 coram
1546 1737 1586 1765 se
1617 1725 1769 1766 timen-

269 1795 378 1837 tibus
408 1794 628 1835 dominum
659 1797 695 1835 et
717 1794 989 1835 metuentibus
1019 1806 1170 1835 nomen
1190 1806 1326 1835 suum.
1360 1794 1497 1835 eterit
1516 1793 1635 1847 mihi,
1668 1793 1771 1834 dicit

270 1864 464 1905 dominus
495 1863 768 1915 omnipotens,
806 1864 855 1904 in
885 1863 951 1904 die
981 1877 1067 1916 qua
1098 1877 1167 1917 eqo
1198 1863 1312 1917 facio
1341 1863 1390 1904 in
1413 1863 1678 1915 possessione
1687 1878 1703 1915 ;
1734 1865 1771 1904 et

269 1932 423 1985 eliqam
454 1944 532 1980 eos,
566 1932 915 1983 quemadmodum
945 1932 1061 1985 eliqit
1092 1931 1211 1973 homo
1240 1931 1384 1985 filium
1413 1935 1535 1973 suum
1567 1931 1664 1973 bene
1688 1943 1771 1972 ser-

270 2001 450 2042 uientem
480 2000 572 2040 sibi.
605 2002 640 2040 et
672 2000 862 2040 conuersi
899 1999 1095 2041 uidebitis
1132 2002 1341 2052 quantum
1378 1999 1434 2040 sit
1471 2000 1583 2040 inter
1613 1999 1770 2040 iustum
1789 2014 1824 2040 2⁵

269 2073 306 2111 et
337 2069 556 2117 iniustum,
588 2069 698 2109 inter
728 2069 974 2110 seruientem
994 2069 1066 2110 deo
1089 2071 1125 2109 et
1146 2081 1232 2109 non
1251 2068 1516 2111 seruientem.
1563 2068 1667 2120 quia
1686 2081 1772 2110 ecce

269 2138 360 2179 dies
387 2137 504 2178 uenit
534 2136 695 2178 domini
733 2138 889 2179 ardens
918 2138 1026 2179 sicut
1058 2137 1252 2179 clibanus
1283 2139 1321 2178 et
1350 2139 1441 2178 uret
1469 2149 1547 2190 eos,
1580 2139 1616 2178 et
1646 2139 1772 2178 erunt

270 2218 408 2248 omnes
441 2205 704 2260 alieniqenae
734 2209 772 2247 et
810 2219 948 2248 omnes
978 2207 1052 2259 qui
1080 2206 1248 2259 faciunt
1279 2205 1434 2247 seelera
1463 2208 1509 2246 ut
1540 2207 1770 2255 sarmenta,

270 2278 306 2317 et
336 2275 554 2317 succendet
585 2287 648 2315 eos
679 2275 765 2317 dies
786 2275 951 2316 domini
980 2288 1086 2328 quae
1106 2275 1236 2328 uenit,
1268 2275 1372 2318 dicit
1401 2274 1602 2316 dominus
1633 2275 1772 2315 omni-

267 2346 426 2396 potens,
459 2345 498 2384 et
526 2356 614 2384 non
644 2343 957 2396 derelinquetur
988 2357 1037 2385 ex
1067 2344 1126 2385 eis
1156 2344 1287 2385 radix
1316 2356 1389 2386 nee
1419 2343 1535 2384 uitis.
1789 2362 1830 2388 3ο-

409 2444 451 2478 13
476 2443 557 2480 Mal.
585 2445 617 2486 3,
646 2444 687 2478 13
711 2465 757 2470 —
780 2446 813 2486 4,
842 2447 857 2480 l

405 2541 414 2552 τ’
614 2541 623 2553 ,ι

338 2560 353 2592 1
383 2541 613 2603 qlioapostata
641 2561 748 2595 (corr.
778 2571 819 2593 m.
847 2566 929 2603 rec.)
1071 2561 1092 2593 4
1117 2559 1390 2594 contradixerint
1416 2558 1609 2593 Latinius.
1637 2559 1772 2592 contra-

267 2650 380 2683 xerint
411 2651 461 2684 Vos·
554 2651 573 2684 6
600 2641 657 2684 cur
682 2638 721 2694 (ἣν
746 2663 787 2686 m.
812 2653 896 2695 rec.)
991 2629 1136 2685 inlidens
1164 2652 1271 2693 (corr.
1298 2662 1340 2684 m.
1367 2652 1451 2694 rec.)
1549 2651 1566 2683 7
1593 2650 1770 2683 haeresem

270 2707 291 2748 (’ι
317 2718 360 2741 m.
387 2709 471 2748 ree.)
600 2707 619 2741 9
646 2707 768 2742 ducere
793 2709 986 2748 Latinius
1014 2707 1125 2742 dicere
1155 2708 1206 2742 Vv
1336 2707 1486 2741 ueritate
1512 2707 1658 2750 scripsi,
1683 2706 1771 2739 ucri-

269 2766 379 2798 tatem
410 2765 449 2804 V,
483 2766 622 2808 propter
645 2765 830 2799 ueritatem
862 2767 894 2800 V
915 2778 958 2800 m.
986 2777 1053 2800 rec.
1079 2769 1112 2799 et
1138 2777 1158 2799 v
1299 2764 1340 2797 12
1376 2764 1595 2798 sanctissimo
1622 2763 1775 2807 scripsi,

478 2811 482 2826 i

269 2833 523 2866 sanctissimum
549 2834 567 2874 (³
597 2845 640 2866 m.
670 2836 752 2877 ree.)
848 2834 887 2868 ‘21
917 2845 1030 2868 coram
1057 2837 1084 2878 (c
1111 2835 1149 2868 in
1178 2836 1267 2876 ras.)
