1934 3278
440 291 494 338 De
520 301 591 325 non
615 289 789 335 parcendo
814 289 852 323 in
877 288 978 323 deum
1005 286 1299 333 delinquentibus,
1539 287 1622 329 261

116 419 218 461 tatis
250 417 517 467 dementiam,
558 416 620 458 illi
653 416 706 458 ad
738 428 842 470 quos
873 415 944 457 uel
973 414 1140 468 propter
1173 425 1276 467 quos
1308 412 1482 454 dieitur:
1525 426 1624 465 peo-

122 489 328 530 eauerunt
356 500 445 528 non
474 485 513 528 ei
533 486 620 539 filii
651 485 882 538 maeulati;
912 484 1033 526 natio
1052 497 1198 536 praua
1219 485 1258 524 et
1271 494 1493 535 peruersa,
1523 481 1625 524 haee

121 556 290 599 domino
311 554 603 597 retribuistis?
633 554 694 596 sie
709 553 827 607 plebs
855 553 982 606 fatua
1012 555 1048 593 et
1078 565 1167 594 non
1185 550 1389 603 sapiens?
1422 550 1464 592 et
1492 550 1624 592 infra:

118 623 220 667 bibit
240 624 396 666 uinum
416 625 455 665 et
474 622 757 665 manducauit
778 622 906 664 Iacob
935 624 972 663 et
1001 622 1188 662 satiatus
1218 621 1288 671 est,
1319 622 1357 661 et
1377 620 1626 662 ealcibrauit

82 692 317 744 bdileetus‚·
344 692 521 746 pinquis
550 690 690 743 faetus
721 692 779 732 est
809 691 848 731 et
877 690 1146 731 incrassatus
1172 691 1245 742 est,
1277 687 1486 730 dilatatus
1507 691 1565 730 est
1586 691 1625 730 et

116 761 339 814 dereliquit
368 760 491 802 deum
522 759 597 812 qui
626 758 724 811 feeit
754 772 849 800 eum
879 760 920 800 et
946 758 1115 800 recessit
1143 771 1171 799 a
1201 757 1275 799 deo
1298 756 1514 799 saluatore
1534 770 1621 799 suo.

116 829 468 872 exacerbauerunt
499 841 562 869 me
592 828 640 868 in
671 827 849 881 alienis,
887 827 937 868 in
975 825 1363 868 abominationibus
1402 826 1495 868 suis
1524 839 1622 868 con-

117 899 362 941 citauerunt
389 910 455 938 me
484 899 524 938 et
552 895 910 949 saorifieauerunt
941 895 1179 938 daemoniis
1209 898 1247 937 et
1277 907 1363 936 non
1392 895 1489 946 deo,
1528 895 1624 937 deos

116 979 216 1020 quos
255 979 340 1008 non
377 966 610 1016 nouerant;
646 964 752 1006 noui
782 964 840 1006 ad
871 976 1073 1017 praesens
1103 966 1314 1006 uenerunt
1344 976 1445 1018 quos
1465 964 1623 1005 nescie-

66 1045 99 1072 10
117 1035 222 1077 bant
232 1037 382 1088 patres
403 1035 605 1087 ipsorum.
638 1033 761 1075 deum
782 1033 855 1086 qui
876 1035 915 1075 te
934 1033 1082 1087 yenuit
1106 1033 1372 1086 dereliquisti
1402 1036 1440 1075 et
1471 1032 1624 1074 oblitus

116 1116 158 1145 es
188 1103 310 1145 deum
341 1102 521 1145 alentem
552 1105 601 1145 te.
655 1101 714 1144 sie
744 1101 787 1143 te
819 1101 866 1142 ut
895 1101 1077 1144 Iudaeos
1117 1101 1393 1155 dereliquisse
1426 1101 1550 1143 deum
1584 1102 1626 1142 et

115 1171 400 1214 idololatriam
431 1171 622 1214 secutum
652 1171 802 1225 probat
834 1170 1003 1224 quidem
1034 1170 1213 1224 perfidia
1241 1171 1315 1212 tua
1348 1183 1472 1224 quam
1498 1182 1623 1223 prae-

117 1239 245 1282 dieas.

173 1309 355 1352 XXIIII.
393 1308 477 1350 Sed
508 1322 614 1350 nune
649 1308 701 1350 ad
733 1309 809 1350 hoe
841 1309 884 1349 te
916 1309 1052 1350 solum
1086 1309 1312 1351 arbitratus
1344 1322 1436 1350 sum
1466 1309 1624 1363 perdu-

66 1387 100 1413 15
119 1376 317 1427 cendum,
351 1377 398 1418 ut
427 1377 594 1419 uideres
626 1390 705 1419 non
739 1390 831 1419 esse
862 1390 958 1428 noS‚
1002 1377 1100 1430 quia
1132 1377 1245 1431 quod
1277 1378 1333 1420 sis
1363 1379 1440 1420 tibi
1472 1378 1624 1429 dicam,

116 1446 337 1488 injuriosos
368 1447 605 1500 petulantes
638 1448 762 1501 atque
795 1447 1011 1501 superbos,
1045 1447 1121 1489 sed
1141 1460 1330 1498 ueraees,
1363 1448 1438 1489 sed
1459 1448 1625 1501 praeter

119 1515 242 1557 deum
273 1515 470 1557 timentes
491 1515 711 1557 neminem.
754 1516 960 1558 Iohannes
990 1516 1259 1558 beatissimus
1293 1516 1521 1569 apostolus,
1554 1530 1625 1558 ea-

117 1585 281 1626 rissimi
311 1585 456 1635 nolite,
498 1597 594 1625 cum
627 1584 742 1635 dicit,
784 1585 902 1626 omni
930 1585 1109 1638 spiritui
1139 1585 1313 1640 eredere,
1352 1585 1425 1627 sed
1448 1585 1626 1638 probate

116 1653 295 1706 spiritus
325 1653 364 1694 si
394 1666 444 1694 ex
474 1653 547 1694 deo
576 1656 696 1704 sunt,
745 1655 949 1707 quoniam
979 1654 1107 1695 multi
1129 1653 1521 1707 pseudoprophetae
1552 1667 1624 1696 ex-

66 1721 279 1774 zoiermzt,
325 1721 371 1761 tu
410 1721 513 1762 mihi
553 1734 658 1763 unus
692 1734 784 1764 esse
817 1734 865 1763 ex
897 1722 961 1763 his
992 1722 1366 1776 pseudoprophetis
1405 1723 1625 1764 manifeste

118 1789 297 1839 uideris,
345 1789 552 1842 siquidem
592 1790 783 1844 negando
824 1790 890 1831 dei
922 1790 1092 1832 unicum
1124 1790 1257 1832 filium
1288 1804 1366 1833 non
1397 1792 1439 1833 te
1470 1792 1625 1833 habere

119 1857 198 1899 nisi
247 1857 481 1900 antichristi
528 1858 718 1911 spiritum
755 1859 795 1900 in
829 1871 897 1900 oro
929 1860 1001 1901 tuo
1034 1859 1241 1914 sacrilego
1275 1860 1477 1902 declares.
1530 1861 1624 1902 hinc

121 1926 312 1976 efficitur,
346 1927 392 1967 ut
424 1939 497 1968 nee
532 1926 676 1968 audire
707 1927 842 1979 possis
873 1940 947 1969 nos
977 1927 1197 1981 loquentes
1229 1927 1280 1969 de
1314 1928 1456 1970 diuina
1486 1930 1625 1971 aeter-

119 1994 251 2036 nitate
291 1995 402 2036 uniei
442 1995 517 2036 filii
558 1994 646 2045 dei,
694 1995 904 2048 siquidem
935 1996 1104 2049 spiritus
1135 1996 1207 2038 ille
1239 1997 1309 2050 qui
1339 1997 1380 2038 in
1412 1998 1454 2039 te
1484 1999 1628 2039 manet

69 2078 103 2104 85
123 2063 356 2105 antichristi
387 2076 467 2106 non
498 2063 630 2117 possit
662 2064 868 2106 sustinere
900 2065 942 2105 et
972 2064 1076 2106 nolit
1108 2078 1152 2106 se
1185 2066 1295 2107 exte
1320 2066 1434 2119 pelli,
1468 2067 1542 2108 sod
1574 2067 1629 2108 sit

122 2132 292 2184 cupiens
334 2144 382 2174 eo
421 2145 553 2185 usque
591 2132 632 2172 in
671 2133 713 2174 te
751 2133 1002 2185 mansitare,
1051 2133 1180 2176 donee
1220 2134 1262 2176 te
1293 2134 1439 2176 uideat
1471 2135 1524 2176 ad
1554 2135 1628 2176 illa

119 2200 287 2253 raptum
318 2200 433 2251 loca,
466 2201 507 2242 in
540 2201 689 2255 quibus
720 2202 809 2256 ipse
842 2203 896 2244 sit
926 2203 968 2244 in
998 2203 1248 2256 perpetuum
1278 2203 1463 2251 futurum
1512 2202 1627 2245 dolet

122 2269 231 2310 enim
262 2270 303 2311 te
334 2270 422 2311 tam
453 2269 747 2313 fidelissimum
779 2271 979 2314 delicium
1011 2285 1152 2322 suum,
1198 2272 1241 2314 te
1281 2272 1474 2314 omnibus
1511 2272 1625 2313 desi-

123 2335 250 2379 deriis
290 2337 376 2380 suis
422 2339 639 2392 parentem
672 2352 719 2380 ex
759 2352 803 2382 se
845 2340 961 2394 eripi.
1011 2341 1248 2391 carissimi,
1293 2340 1449 2393 inquit,
1497 2341 1627 2382 nolite

69 2420 103 2446 ω
122 2407 238 2447 omni
273 2407 452 2459 spiritui
490 2407 678 2460 eredere,
723 2408 796 2450 sed
831 2408 1002 2460 probate
1042 2410 1223 2462 spiritus
1259 2410 1298 2451 si
1329 2423 1378 2450 ex
1409 2409 1483 2451 deo
1513 2411 1626 2457 sunt,

124 2475 326 2527 quoniam
367 2476 492 2518 multi
524 2477 911 2530 pseudoprophetae
949 2478 1141 2521 exierunt
1173 2478 1220 2519 in
1250 2477 1424 2520 saeculo,
1478 2491 1528 2519 ex
1557 2477 1628 2519 hoe

258 2635 273 2667 1
310 2634 413 2668 Dent.
447 2635 502 2675 32,
536 2635 567 2669 5.
593 2636 613 2668 6
753 2636 770 2668 4
806 2636 851 2670 ib.
885 2635 940 2676 32,
979 2636 1112 2670 15—18
1246 2637 1284 2671 17
1319 2635 1431 2670 IIoh.
1455 2635 1488 2671 4.
1518 2636 1530 2668 1

119 2690 162 2725 29
188 2690 234 2726 ib.
259 2691 292 2732 4,
320 2691 408 2725 1—3

191 2842 207 2875 1
236 2841 412 2876 dementia
516 2842 538 2875 4
563 2842 743 2877 calcitauit
852 2844 873 2877 6
898 2842 1091 2888 dereliquid
1197 2843 1218 2878 8
1243 2843 1349 2878 dacos
1449 2844 1495 2879 20
1518 2844 1626 2878 mani-

121 2896 232 2933 festae
325 2900 369 2934 22
394 2899 575 2944 sacrilegio
