1934 3278
327 216 405 258 152
977 214 1174 248 Luciferi

327 341 483 382 Iudaei.
519 341 617 394 quid
648 341 773 394 igitur
806 341 921 381 nobis
952 341 1092 392 posset
1125 339 1328 390 accidere,
1364 340 1395 380 si
1430 339 1609 392 uipereis
1630 340 1713 381 tuis
1748 341 1821 381 de-

325 410 431 463 pasti
485 411 704 452 fuissemus
751 408 955 450 consiliis.
1004 408 1081 450 nisi
1127 409 1174 449 ut
1221 421 1268 449 ex
1309 408 1554 450 Christianis
1602 408 1822 450 fuissemus

327 480 522 533 uipereac
554 479 771 532 progenies
806 478 970 519 effecti?
1002 491 1074 519 cur
1105 479 1207 519 haec
1240 478 1330 519 fieri
1362 477 1584 527 mandasti,
1618 478 1692 519 nisi
1729 478 1823 531 quia

327 550 619 602 conserpentes
651 561 723 589 nos
744 549 839 588 tuos
863 546 971 588 effici
994 547 1231 601 cupiueris‘?
1261 548 1306 587 tu
1330 547 1398 600 qui
1422 559 1516 587 cum
1540 547 1647 588 scias
1672 547 1823 588 dixisse

328 618 537 659 dominum
568 619 608 659 in
643 617 881 670 euangelio:
914 617 1021 658 beuti
1053 617 1125 670 qui
1146 617 1341 658 esuriunt
1371 619 1409 658 et
1429 617 1581 657 sitiunt
1604 617 1822 667 iustitiam,

328 688 430 741 quia
462 687 547 740 ipsi
578 685 898 728 saturabuntur.
931 685 1040 726 beati
1071 685 1370 738 misericordes,
1412 685 1515 738 quia
1547 685 1627 737 ipsi
1659 685 1823 726 miseri-

330 755 514 797 cordiam
546 757 858 808 consequemur,
895 754 935 794 et
955 755 1095 795 tamen
1120 754 1270 795 dixeris
1294 754 1526 795 necandum
1548 754 1822 796 innocentem.

329 825 533 878 quomodo
555 824 705 865 etenim
724 824 873 866 beatus
890 824 1032 877 potero
1053 836 1156 873 esse,
1177 824 1210 864 si
1231 824 1482 865 damnauero
1501 824 1636 865 uirum
1654 823 1822 873 iustum,

331 894 364 934 si
394 893 571 934 reiciens
604 894 716 934 sitim
747 893 931 934 iustitiae
965 905 1191 945 concepero
1215 893 1406 934 ardorem
1428 892 1686 935 iniustitiae?
1719 906 1822 946 quo-

326 962 448 1003 modo
481 963 646 1015 propter
678 962 836 1003 fructus
868 962 1052 1002 iustitiae
1086 962 1304 1003 saturabor
1337 975 1358 1002 a
1383 961 1473 1013 deo⁷
1507 974 1600 1003 cum
1625 975 1725 1015 opus
1748 964 1822 1003 hoc

325 1030 523 1072 iniustum
557 1031 682 1072 faciat
713 1044 778 1072 me
812 1031 912 1072 Cain
946 1030 1232 1071 fratricidam?
1266 1031 1470 1084 quomodo
1503 1032 1652 1072 iterum
1683 1032 1824 1084 potero

326 1099 432 1140 inter
463 1100 754 1141 misericordes
788 1100 989 1141 fructibus
1021 1100 1332 1141 misericordiae
1354 1100 1620 1153 locupletatis
1652 1113 1824 1154 regnum

328 1169 522 1222 consequi
555 1169 766 1211 caeleste?
799 1182 906 1219 cum⁷
941 1169 975 1210 si
1007 1168 1253 1210 interfecero
1285 1169 1399 1210 iuxta
1434 1168 1641 1211 desideria
1663 1171 1736 1210 tua
1760 1169 1825 1210 dei

327 1250 506 1280 seruum.
539 1238 726 1279 inueniar
758 1251 836 1279 non
858 1237 1108 1287 misericors,
1133 1238 1205 1279 sed
1226 1237 1409 1279 crudelis
1434 1238 1557 1291 atque
1582 1238 1823 1287 sceleratus,

327 1306 477 1359 quippe
517 1307 746 1354 homicida;
781 1320 888 1355 cum,
938 1307 1046 1347 sicut
1087 1319 1162 1360 ego
1201 1306 1481 1348 inmisericors
1521 1307 1666 1347 fuerim
1715 1307 1827 1348 eirca

326 1375 494 1416 fratrem
528 1389 680 1426 meum,
714 1376 771 1417 sic
806 1376 860 1417 sit
892 1376 932 1415 et
964 1375 1076 1416 circa
1106 1389 1171 1416 me
1204 1376 1367 1416 futurus
1409 1376 1480 1416 ille
1514 1376 1825 1417 misericordiae

333 1445 504 1495 amator,
538 1445 607 1485 ille
640 1445 825 1486 iustitiae
859 1445 1025 1486 exactor
1057 1445 1124 1498 qui
1161 1445 1281 1485 dicit:
1321 1446 1430 1486 beati
1461 1446 1533 1497 qui
1565 1446 1762 1486 esuriunt
1791 1448 1828 1486 et

327 1513 479 1553 sitiunt
509 1513 733 1563 iustitiam,
766 1513 868 1566 quia
898 1513 981 1565 ipsi
1013 1513 1337 1555 saturabzmtur.
1378 1514 1487 1554 beuti
1520 1514 1821 1562 misericordes,

324 1581 426 1634 qm'a
457 1582 541 1634 ipsi
573 1581 911 1622 misericordiam
937 1584 1248 1634 consequentur.
1281 1582 1540 1635 quicumque.
1566 1582 1667 1623 dicit
1691 1582 1824 1624 domi-

325 1663 414 1700 nus,
447 1651 621 1692 soluerit
650 1664 784 1691 ummo
815 1663 865 1690 ex
895 1650 1113 1691 mundatis
1153 1650 1218 1691 leis
1249 1651 1443 1691 memus
1483 1654 1519 1692 et
1549 1651 1737 1692 docuerit
1768 1651 1826 1692 sic

323 1719 518 1774 homiues,
551 1720 755 1760 minimus
775 1718 993 1760 uocabitur
1023 1719 1071 1759 iu
1093 1732 1218 1772 reyuo
1242 1719 1479 1761 caelorum:
1512 1719 1553 1760 et
1579 1719 1694 1766 dicis,
1721 1719 1824 1761 Con-

328 1788 467 1834 stanti,
515 1792 561 1829 ut
600 1787 849 1841 quicumque
889 1800 966 1829 non
1007 1787 1162 1828 fuderit
1196 1787 1438 1841 sanguinem
1470 1787 1714 1830 innocentis.
1748 1800 1825 1829 non

325 1857 462 1909 potest
492 1869 665 1910 regnum
698 1856 895 1910 consequi
927 1857 1166 1898 caelorum?
1228 1857 1307 1905 dic,
1354 1856 1630 1900 sanctissime.
1673 1857 1711 1897 in
1747 1870 1825 1910 quo

329 1926 539 1967 abundare
572 1926 723 1979 poterit
756 1927 1086 1968 Christianorum
1117 1925 1278 1967 iustitia
1309 1926 1402 1978 plus
1436 1939 1559 1978 quam
1594 1926 1824 1967 scribarum

326 1995 366 2035 et
396 1995 727 2039 Pharisaeorum.
772 1996 805 2036 si
830 2009 936 2044 eum,
972 2008 1093 2048 quem
1114 1995 1172 2045 tu,
1206 2007 1279 2035 cur
1312 2007 1355 2036 se
1383 1995 1664 2036 Christianum
1699 1994 1823 2044 dicat,

322 2075 395 2104 cur
426 2064 528 2105 nolit
569 2065 657 2105 fieri
690 2066 901 2115 Arrianus,
941 2065 1216 2118 persequeris⁷
1250 2064 1611 2105 interfecerimus?
1672 2063 1711 2103 in
1745 2075 1824 2116 quo

335 2144 520 2174 essemus
542 2133 722 2186 potiores
746 2147 767 2174 a
792 2133 938 2175 scribis
963 2134 1003 2174 et
1025 2133 1274 2174 Pharisaeis.
1301 2133 1334 2173 si
1358 2132 1662 2174 exstitissemus
1684 2133 1823 2173 tecum

327 2201 546 2253 negatores
579 2202 688 2242 unici
723 2202 787 2243 dei
820 2202 908 2251 filii,
943 2202 989 2251 si‚
1022 2202 1068 2242 ut
1098 2201 1158 2242 illi
1191 2201 1424 2254 repudiant,
1457 2202 1596 2242 tecum
1626 2201 1823 2254 repudia-

324 2280 466 2311 remus
491 2270 777 2323 euangelicam
800 2270 927 2311 fidem
947 2270 1377 2323 destruxissemusque
1397 2270 1667 2323 apostolicam
1689 2268 1822 2309 tradi-

455 2429 475 2461 5
501 2429 626 2463 Matth.
654 2430 686 2469 5,
715 2431 746 2464 6.
773 2431 791 2464 7
889 2431 929 2464 19
955 2430 1000 2465 ib.
1028 2431 1058 2474 5,
1086 2431 1128 2464 19

386 2565 407 2597 3
433 2566 592 2610 uipereac
624 2568 657 2601 V
678 2579 719 2601 m.
747 2570 778 2610 1,
804 2567 943 2611 uiperae
974 2568 1007 2601 V
1027 2579 1070 2601 m.
1099 2579 1165 2602 rec.
1192 2571 1225 2602 et
1251 2579 1270 2601 1·
1366 2567 1383 2600 7
1411 2567 1456 2610 et]
1485 2569 1522 2600 tu
1548 2567 1638 2601 coni.
1671 2565 1821 2600 Gallun-

323 2623 407 2656 dius
504 2623 544 2656 12
563 2624 792 2658 misericordis
887 2624 1118 2668 locupletatos
1137 2625 1229 2659 coni.
1252 2624 1479 2659 Gullcmdius
1578 2623 1618 2657 13
1637 2623 1823 2656 caelestem

321 2692 363 2713 m.
393 2683 409 2713 1
508 2681 548 2714 15
576 2682 664 2716 sicut
689 2683 835 2726 scripsi,
862 2682 890 2715 si
917 2693 992 2716 cum
1020 2684 1065 2717 Vc
1094 2683 1206 2726 (quod
1223 2693 1309 2716 uum
1326 2692 1397 2726 pro
1416 2681 1598 2725 siquando
1620 2685 1822 2727 usurpetur

786 2742 793 2759 (

322 2770 465 2814 dubito)
573 2772 616 2805 ‘25
642 2777 675 2807 et
700 2773 743 2807 26
770 2739 828 2806 6111·
854 2762 889 2816 ((4
912 2786 955 2808 m.
983 2776 1066 2817 rec.)
1179 2774 1221 2807 27
1249 2783 1402 2807 eescmus
1431 2785 1471 2807 m.
1502 2777 1516 2807 l
1629 2783 1647 2806 a
1673 2774 1821 2817 scripsi,

322 2838 361 2861 ac
392 2829 429 2871 V,
456 2841 520 2864 om.
551 2842 567 2861 r>
661 2830 704 2864 29
732 2830 1066 2875 destruxiscmusque

1846 973 1875 997 10

1847 1315 1877 1340 15

1845 1655 1876 1681 20

1844 1996 1875 2022 25
