1934 3278
317 201 373 243 52
971 198 1165 233 Luciferi

319 341 415 370 cum
456 327 546 369 aliis
583 327 756 381 triginta
795 326 955 367 duobus
994 326 1176 379 regibus,
1217 326 1412 367 iactitans
1456 327 1560 368 adeo
1599 328 1816 381 tamquam

318 397 421 439 nihil
453 409 496 438 se
527 396 679 437 habere
703 393 930 442 israelitas,
963 393 1010 432 ut
1033 405 1158 433 unum
1182 405 1225 433 se
1249 392 1458 433 hominem
1482 406 1644 435 omnem
1666 395 1814 435 multi-

316 466 506 508 tudinem
522 463 809 506 Israelitarum
833 460 1136 514 superaturum.
1171 462 1277 502 hunc
1298 461 1574 514 alienigenam
1597 462 1697 503 fecit
1714 463 1816 504 nihil

321 536 414 577 ante
446 534 578 576 Israel
610 533 724 573 deus.
787 530 853 571 cui
885 529 988 570 uicit
1020 529 1122 571 deus
1152 530 1271 583 regi?
1304 542 1452 583 nempe
1484 530 1642 582 Achab⁷
1677 532 1713 572 ei
1746 532 1815 585 qui

319 618 414 647 eum
456 600 757 654 dereliquerat,
806 599 875 652 qui
913 598 1033 639 Baali
1081 599 1122 640 et
1162 599 1351 640 omnibus
1390 599 1619 641 daemoniis
1660 601 1815 642 seruire
1853 611 1869 636 ⁵

317 673 451 715 Israel
471 670 641 721 fecerat,
674 669 741 710 cui
771 668 991 721 propterea
1024 667 1247 709 auxiliatus
1280 668 1355 719 est,
1388 681 1535 722 nempe
1557 670 1603 710 ut
1625 670 1817 711 crederet

320 742 416 796 quia
449 740 503 782 sit
535 739 636 780 deus
658 738 770 779 solus
801 737 881 778 iste
904 737 1021 778 cuius
1044 737 1134 778 erat
1163 737 1339 790 populus
1371 737 1504 779 Israel
1536 738 1577 778 et
1607 751 1686 780 non
1710 739 1815 780 alius

320 810 486 866 praeter
515 809 665 862 ipsum,
700 807 769 860 qui
802 807 839 848 ei
869 807 1043 858 uicerat,
1076 807 1123 847 ut
1153 806 1317 848 uideret
1347 806 1504 856 Achab,
1540 807 1637 861 quia
1668 808 1816 849 fuisset

321 892 499 934 aequum
529 877 700 919 tandem
740 876 968 930 corrigeret
1008 888 1167 918 errores
1198 888 1307 918 suos.
1369 889 1463 918 mox
1502 877 1549 918 ut
1592 876 1814 918 aedificare

319 947 584 991 aduersarius
625 945 763 999 coepit
803 945 1060 987 obsidionem
1102 945 1155 986 ad
1196 945 1412 986 ciuitatem
1444 945 1745 995 israelitarum,
1779 949 1868 986 et¹0

320 1031 418 1071 eece,
450 1015 586 1069 inquit
618 1014 823 1068 scriptura
849 1026 980 1065 sacra,
1008 1013 1230 1066 prophetes
1261 1027 1372 1055 uuus
1394 1014 1565 1056 accessit
1595 1015 1651 1057 acl
1681 1027 1816 1068 reyem

322 1085 461 1128 Israel
493 1088 531 1126 et
551 1085 686 1127 dixit:
717 1083 816 1126 haee
838 1084 944 1125 dicit
964 1083 1173 1134 domiuus,
1196 1084 1233 1124 si
1255 1083 1417 1124 audisti
1439 1096 1589 1124 sonum
1611 1097 1815 1137 muyuum

318 1154 484 1197 istum?
530 1166 614 1195 ecee
644 1167 713 1207 eqo
744 1152 866 1194 hodie
898 1152 1068 1193 tradam
1100 1165 1193 1193 eum
1232 1152 1280 1192 iu
1310 1165 1464 1193 marius
1496 1155 1605 1203 tuas,
1646 1155 1684 1194 et
1713 1153 1816 1194 scies

317 1224 518 1278 quoniam
549 1236 618 1277 eqo
649 1235 742 1263 sum
774 1221 986 1263 domiuus.
1048 1224 1083 1262 et
1113 1221 1225 1263 <lixit
1256 1234 1351 1263 rex:
1389 1221 1437 1262 iii
1476 1222 1589 1274 quo?
1635 1224 1673 1262 et
1703 1221 1815 1262 dixit

313 1292 558 1346 prophetes.-
587 1291 636 1332 iu
662 1290 808 1343 pueris
831 1290 1085 1343 priucipum
1116 1290 1349 1343 reqionum.
1382 1293 1419 1331 et
1448 1290 1562 1331 dixit
1591 1303 1690 1332 rex:
1721 1291 1815 1344 quis
1834 1301 1868 1327 1⁵

316 1361 538 1404 committet
565 1360 789 1414 puyiiam?
821 1362 856 1401 et
887 1359 997 1401 dixit
1019 1358 1266 1412 prophetes:
1299 1361 1356 1401 tu.
1422 1359 1463 1400 et
1491 1359 1617 1400 infra:
1660 1363 1699 1401 et
1727 1361 1813 1402 esci-

315 1433 439 1472 eruut
462 1429 592 1483 pueri
623 1429 671 1470 de
704 1428 876 1470 ciuitate
910 1428 1163 1480 principum
1195 1428 1410 1482 reqionum
1441 1432 1477 1470 et
1507 1429 1710 1470 exereitus
1741 1430 1815 1482 qui

305 1502 407 1553 post
439 1498 547 1548 illos,
579 1500 615 1539 et
636 1498 848 1551 percussit
878 1498 1164 1550 unusquisque
1195 1511 1316 1550 quem
1346 1498 1515 1539 inuenit
1544 1512 1657 1540 secus
1690 1512 1743 1550 se,
1777 1502 1814 1540 et

311 1570 515 1623 fuyeruut
545 1566 660 1621 Syri,
694 1570 730 1608 et
751 1570 997 1620 persecutus
1028 1568 1087 1608 est
1116 1566 1267 1608 Israel.
1308 1566 1515 1620 quomodo
1549 1566 1666 1618 dicis,
1701 1566 1811 1609 Con-

315 1637 467 1679 stanti:
500 1636 536 1677 si
567 1650 654 1678 riori
683 1636 782 1678 bene
804 1637 1003 1677 seruirem
1023 1636 1112 1689 deo,
1145 1637 1184 1678 si
1204 1650 1290 1677 riou
1312 1639 1416 1678 recte
1437 1637 1605 1678 credens
1624 1637 1812 1690 fuissem,
1833 1651 1867 1676 20

313 1719 545 1759 numquam
590 1718 765 1758 reyuum
811 1704 1103 1746 Romanorum
1147 1705 1195 1746 iii
1241 1718 1333 1746 mea
1378 1706 1582 1747 uidissem
1613 1709 1814 1759 potestate

313 1776 574 1818 conlocatum
612 1777 686 1815 aut
723 1775 784 1816 sic
821 1774 897 1815 diu
933 1774 1108 1827 fuissem
1146 1775 1297 1816 uiueres
1336 1775 1383 1815 iii
1425 1776 1586 1829 reyno?
1648 1775 1812 1829 quando

312 1844 461 1886 uideas
492 1843 636 1884 Achab
667 1842 758 1896 regi
789 1843 922 1884 Israel
951 1855 1066 1884 more
1097 1843 1318 1897 gentilium
1348 1843 1507 1885 uiuenti
1541 1844 1582 1885 et
1611 1844 1813 1897 populum

316 1913 395 1964 dei,
430 1912 553 1954 sicuti
586 1911 628 1953 et
656 1912 702 1952 tu
727 1911 895 1961 auerffis,
928 1911 1108 1953 uertenti
1132 1924 1155 1952 a
1178 1911 1255 1953 deo
1277 1911 1435 1953 dictum
1457 1913 1507 1954 ab
1532 1925 1591 1963 eo,
1623 1912 1664 1953 in
1689 1925 1811 1966 quem

316 1981 597 2035 delinquebat,
645 1981 763 2022 cuius
794 1980 1018 2034 praecepta
1050 1980 1232 2022 ducebat
1261 1994 1333 2034 pro
1366 1981 1516 2023 nihilo:
1566 1982 1687 2023 trado
1720 1996 1812 2023 eum
1832 1993 1865 2018 25

313 2052 362 2093 iii
393 2064 547 2092 manus
588 2053 694 2100 tuas,
737 2053 783 2091 ut
818 2051 929 2091 scias
959 2051 1159 2103 quoniam
1200 2064 1269 2104 090
1309 2064 1401 2091 sum
1432 2051 1545 2092 deus.
1607 2052 1653 2091 ut
1683 2052 1811 2105 igitur

311 2120 432 2161 illum
472 2119 620 2173 eripuit
659 2131 682 2160 a
721 2118 807 2160 filio
848 2119 1008 2160 Iaderis
1050 2118 1190 2173 Syriae
1230 2119 1363 2172 regis,
1412 2119 1469 2160 sic
1513 2119 1638 2161 etiam
1678 2120 1719 2161 te
1760 2120 1810 2161 ab

314 2188 504 2230 omnibus
549 2188 752 2241 perimere
800 2188 1062 2241 cupientibus
1110 2188 1260 2241 eripuit
1299 2188 1422 2241 atque
1467 2189 1599 2242 eripit,
1650 2189 1701 2230 ad
1732 2189 1809 2230 hoc

312 2257 470 2310 utique,
503 2257 550 2297 ut
579 2257 713 2310 possis
744 2268 994 2310 cognoscere
1028 2256 1125 2309 quia
1155 2256 1244 2309 ipse
1277 2256 1331 2298 sit
1354 2257 1456 2298 deus
1478 2257 1809 2310 patriarcharum

314 2338 361 2367 ac
393 2326 635 2380 martyrum,
670 2326 722 2366 ad
754 2326 829 2367 1100
862 2326 910 2366 111
941 2326 1131 2367 conicere
1164 2326 1298 2378 possis
1332 2339 1410 2368 11011
1433 2327 1687 2379 promeritis
1710 2327 1808 2369 fidei
1828 2335 1862 2360 30

452 2463 494 2496 10
519 2462 569 2496 m
593 2463 679 2507 Reg.
704 2462 760 2503 20,
788 2462 840 2497 13.
869 2463 911 2496 14
1006 2463 1046 2496 16
1073 2462 1119 2496 11).
1146 2462 1202 2503 20,
1235 2464 1283 2496 17.
1313 2462 1366 2496 19.
1382 2463 1434 2496 ¹⁴20

373 2587 394 2620 2
407 2587 605 2621 israhelitas
690 2588 710 2621 3
725 2588 975 2632 superaturum]
991 2587 1146 2622 crederet
1161 2591 1228 2621 aut
1243 2587 1373 2620 diceret
1387 2587 1473 2621 add.
1491 2587 1605 2622 Coleti
1618 2588 1717 2630 falso

312 2646 334 2679 5
357 2644 478 2678 bahali
571 2645 590 2678 6
617 2645 671 2678 cui
696 2646 842 2689 scripsi,
871 2645 950 2689 quia
981 2646 1040 2689 Vv,
1069 2646 1125 2689 qui
1152 2645 1265 2680 Coleti
1369 2645 1389 2678 9
1415 2644 1583 2689 corrigere
1609 2650 1806 2691 exspectes,

312 2702 376 2736 sed
401 2701 495 2734 nihil
522 2703 741 2737 mutandum
835 2703 1071 2737 enuntiatum
1096 2713 1172 2737 mox
1198 2703 1236 2735 ut
1261 2722 1302 2726 —
1328 2700 1563 2736 Israelitarum
1591 2703 1699 2748 uulgo
1725 2715 1807 2738 eum

307 2758 617 2802 praecedentibus
643 2760 884 2805 coniungitur
980 2760 1018 2793 11
1046 2759 1167 2803 inquid
1259 2758 1434 2802 prophetis
1530 2759 1572 2792 14
1598 2761 1633 2793 et
1658 2759 1746 2794 dixit
1771 2761 1806 2794 et

311 2815 402 2849 dixit
424 2826 481 2848 rex
506 2826 549 2849 m.
581 2818 594 2848 l
690 2816 732 2849 20
758 2818 872 2851 rectae
966 2816 1009 2850 27
1035 2816 1158 2850 Aderis
1188 2815 1415 2850 Gallaudius
1510 2815 1552 2849 28
1578 2817 1707 2860 perime
