1934 3278
527 262 582 297 De
607 262 729 296 sancto
754 261 949 297 Athanasio
974 260 1064 295 liber
1086 260 1112 295 I.
1494 262 1574 305 123

78 391 222 433 audite
242 403 350 445 erqo,
383 401 506 444 reyes,
539 390 578 430 et
606 387 844 441 intelleyite,
875 387 1036 441 discite,
1067 386 1227 429 iudices
1245 386 1402 440 finium
1424 390 1573 440 terrae,

72 459 263 514 praebete
293 471 430 501 aures.
491 470 580 512 uos,
621 457 695 510 qui
734 456 953 498 continetis
983 455 1302 498 multitudinem
1331 458 1369 496 et
1391 456 1576 508 placetis

73 527 189 570 uobis
218 528 267 568 in
290 527 423 568 turbis
444 526 691 577 nationum;
722 525 928 578 quoniam
947 525 1054 566 data
1073 527 1135 566 est
1153 538 1181 565 a
1201 524 1371 566 domino
1389 527 1576 577 potestas

71 596 190 639 uobis
219 599 258 638 et
287 596 426 638 uirtus
456 595 508 637 ab
538 595 758 648 altissime,
799 594 873 647 qui
903 593 1180 648 interroqabit
1207 606 1337 646 opera
1367 596 1508 634 uestra
1538 596 1578 635 et

38 688 54 712 ι
72 666 341 719 coyitationes
371 664 640 715 scrutabitur,
679 663 800 717 reyni
838 663 1041 716 quoniam
1080 676 1176 704 cum
1213 663 1354 705 essetis
1382 662 1575 704 ministri

70 735 172 789 eius,
204 747 291 776 non
320 736 425 775 recte
447 733 671 775 iudicastis
702 745 830 785 neque
860 732 1104 774 custodistis
1127 732 1254 785 leyem
1284 744 1414 784 neque
1434 743 1574 773 secun-

70 802 171 845 dum
201 802 460 845 uoluntatem
489 803 557 844 dei
586 802 851 844 ambulastis.
913 801 1119 843 horrende
1156 804 1193 843 et
1231 801 1312 843 cito
1353 800 1575 854 apparebit

70 871 207 923 uobis,
254 872 456 924 quoniam
493 871 703 913 iudicium
738 871 1017 912 durissimum
1062 870 1112 911 in
1149 869 1216 911 his
1260 869 1334 922 qui
1366 871 1575 922 praesunt

68 940 153 993 fiet.
212 940 362 995 exiyuo
406 941 520 982 enim
565 939 808 982 conceditur
851 939 1167 993 misericordia,
1207 940 1397 991 potentes
1434 939 1575 979 autem

20 1012 255 1063 inpotenter
285 1012 493 1050 tormenta
505 1009 754 1062 patiuntur.
786 1021 875 1050 non
895 1008 1154 1050 subtransiet
1175 1020 1406 1060 personam
1436 1006 1573 1049 cuius·

69 1091 196 1131 quam
246 1078 442 1120 dominus
491 1091 564 1120 nec
614 1077 871 1120 reuerebitur
918 1077 1257 1132 maynitudinem
1308 1077 1574 1131 cuiusquam,

68 1148 268 1201 quoniam
299 1150 337 1188 et
360 1147 573 1199 pusillum
603 1150 643 1189 et
671 1160 874 1201 maynum
903 1147 993 1199 ipse
1012 1146 1122 1199 fecit,
1154 1149 1191 1187 et
1211 1145 1449 1199 aequaliter
1469 1157 1576 1186 cura

69 1219 128 1258 est
157 1215 226 1257 illi
255 1216 304 1257 de
334 1216 537 1267 omnibus,
569 1217 818 1270 fortioribus
848 1219 987 1257 autem
1017 1216 1169 1269 fortior
1188 1216 1326 1257 instat
1354 1215 1572 1257 cruciatio.

70 1287 126 1327 ad
157 1298 232 1327 uos
261 1298 370 1339 erqo,
403 1299 425 1326 o
456 1285 562 1326 mali
593 1286 786 1339 tyranni,
816 1287 919 1327 sunt
946 1297 1157 1327 sermones
1186 1285 1280 1336 mei,
1319 1287 1368 1325 ut
1397 1283 1574 1325 discatis

18 1370 51 1396 15
68 1355 325 1407 sapientiam
355 1357 391 1396 et
423 1368 510 1396 non
541 1355 757 1397 excidatis.
817 1354 932 1404 tunc,
973 1353 1008 1395 si
1039 1353 1218 1395 necdum
1260 1366 1334 1395 nos
1376 1353 1573 1403 audieris,

70 1422 300 1466 Constanti.
340 1423 507 1465 uisurus
546 1436 652 1477 quae
693 1436 799 1465 nunc
840 1423 984 1465 uidere
1024 1423 1143 1464 uales
1186 1422 1355 1464 minime
1395 1435 1468 1476 per
1504 1421 1572 1463 in-

69 1491 362 1534 credulitatem
394 1494 532 1541 tuam3
565 1493 730 1535 uidebis
759 1494 873 1543 tunc,
906 1505 1001 1534 cum
1033 1493 1141 1534 inter
1172 1492 1447 1547 contyrannos
1477 1493 1574 1534 tuos

67 1560 195 1602 fueris
226 1561 469 1603 conlocatus
509 1562 550 1603 in
582 1561 657 1603 illa
686 1562 781 1603 loca
810 1562 1127 1611 tormentorum,
1169 1574 1248 1603 non
1289 1561 1423 1603 solum
1463 1560 1574 1614 quod

67 1629 221 1670 iniusta
253 1630 460 1671 amaueris
491 1630 660 1674 iudicia.
702 1630 777 1672 sed
818 1631 859 1671 et
897 1630 1007 1683 quod
1048 1629 1114 1671 dei
1156 1630 1323 1671 domum
1357 1629 1572 1671 destruere

16 1698 263 1747 muollleris,
297 1698 407 1752 quod
445 1699 619 1752 negator
660 1698 726 1740 dei
765 1698 841 1740 filii
874 1699 1095 1748 exstiteris,
1136 1698 1247 1752 quod
1287 1698 1407 1740 aliter
1445 1697 1573 1739 fidem

66 1766 300 1820 praedicari
332 1768 516 1809 sanxeris
546 1780 619 1821 per
649 1768 877 1808 minantem
909 1767 1137 1821 potentiam
1167 1768 1285 1808 tuam
1317 1780 1441 1820 quam
1473 1779 1574 1820 pro-

66 1837 216 1889 phetae
241 1838 282 1878 et
305 1837 481 1891 apostoli
503 1837 867 1890 praedicanerunt.
900 1849 975 1878 nec
999 1837 1154 1890 poteris
1178 1837 1340 1878 dicere:
1371 1849 1460 1877 non
1479 1848 1574 1878 sum

66 1906 180 1947 inter
215 1906 312 1948 illos
358 1919 458 1960 quos
504 1907 697 1949 describit
734 1921 818 1960 per
859 1907 1123 1950 Salomonem
1162 1907 1341 1960 spiritus
1384 1908 1572 1959 sanctus,

68 1975 231 2028 quando
265 1976 412 2018 audias
445 1976 605 2018 dicere:
638 1977 696 2018 ad
724 1989 798 2018 uos
828 1990 938 2030 erqo,
971 1990 994 2017 o
1016 1976 1124 2017 mali
1150 1976 1341 2030 tyranni,
1372 1977 1474 2016 sunt
1492 1987 1574 2015 ser-

15 2058 48 2084 ιε
65 2056 203 2085 mones
234 2046 328 2086 mei.

122 2111 319 2153 XXXIII.
360 2113 450 2154 Non
490 2113 646 2166 poteris
685 2113 828 2166 itaque
869 2124 1021 2166 negare
1060 2112 1102 2153 te
1135 2113 1318 2153 omnium
1347 2124 1438 2154 esse
1470 2123 1571 2152 con-

64 2179 329 2233 tyrannorum
348 2182 514 2221 tuorum
533 2181 775 2234 principem,
800 2181 834 2222 si
854 2181 978 2222 modo
1000 2181 1165 2234 penitus
1186 2180 1386 2222 intuearis
1403 2191 1570 2231 operam

64 2248 192 2288 tuam.
226 2249 459 2299 custoditio,
482 2249 617 2301 inquit
636 2250 851 2302 propheta,
875 2250 1007 2302 lequm
1028 2250 1295 2301 confirmatio
1317 2246 1571 2297 incorrupti-

65 2317 158 2357 onis
177 2319 248 2366 est,
271 2317 534 2369 incorruptio
556 2320 696 2358 autem
717 2317 843 2369 faciet
866 2320 900 2357 te
916 2318 1163 2368 proximum
1191 2315 1278 2358 deo.
1308 2314 1353 2355 tu
1377 2314 1429 2355 ad
1452 2314 1569 2359 haec,

15 2385 333 2437 ”corrumpita
362 2385 513 2438 inquis,
546 2386 613 2426 dei
635 2386 775 2439 leyem,
807 2385 854 2426 ut
885 2383 1127 2436 corrupistis
1161 2394 1246 2429 uos,
1279 2382 1570 2434 persecutores

201 2476 216 2509 1
247 2475 327 2519 Sap.
352 2476 385 2512 6.
414 2475 525 2509 1——10
618 2474 662 2507 28
688 2475 732 2508 ib.
760 2475 792 2509 6.
822 2474 863 2506 19

111 2554 131 2586 5
156 2555 389 2597 cogitationes
415 2553 627 2587 scrutabitur
659 2554 755 2595 regni
791 2553 903 2597 uulqo
936 2554 1187 2598 ‹¹oniunyunt;
1220 2552 1317 2595 regni
1349 2564 1428 2596 ‹nn-p.
1462 2553 1569 2586 Luti-

64 2622 152 2656 m'us
281 2623 300 2656 7
326 2622 518 2657 horrendae
660 2622 701 2656 10
734 2622 915 2665 patiuntur
938 2624 962 2663 (⁶
990 2634 1033 2656 m.
1058 2627 1142 2662 rec.)
1272 2621 1435 2664 cuiusque
1463 2632 1479 2652 ι·

65 2701 107 2735 12
131 2702 297 2746 pupillum
316 2714 335 2736 υ
430 2703 472 2736 18
498 2680 559 2736 ing
574 2679 653 2736 1002
668 2702 700 2744 (¹⁶
720 2713 761 2736 m.
783 2704 866 2744 rec.)
964 2702 1005 2734 19
1024 2701 1150 2735 donum
1245 2701 1284 2735 21
1306 2702 1478 2735 sancxeris

64 2759 254 2792 minantem
281 2760 427 2803 scripsi,
453 2762 652 2793 manentem
678 2759 737 2801 Vr,
764 2760 939 2792 amentem
965 2758 1146 2791 Latinius
1241 2758 1283 2792 23
1302 2749 1461 2792 describi*
1489 2761 1508 2798 (⁸
1528 2770 1569 2793 m.

65 2824 147 2859 rec.)
270 2816 313 2849 27
339 2827 477 2860 operam
502 2819 599 2850 tuam
627 2820 735 2853 (corr.
764 2828 805 2851 m.
834 2824 916 2857 rec.)
1042 2814 1086 2848 28
1111 2815 1229 2859 inquid
1257 2827 1297 2850 m.
1328 2820 1343 2849 1
1462 2816 1506 2850 30
1532 2819 1570 2849 ut

66 2873 300 2916 corrumpistis
452 2863 458 2869 ⁹
575 2865 581 2872 ’
