1934 3278
514 233 568 266 De
593 233 714 266 sancto
739 232 934 266 Athanasio
961 232 1049 266 liber
1071 232 1097 267 Ι.
1505 235 1556 276 77

62 373 153 403 esse
175 359 445 415 praeceperit.
468 362 507 401 et
526 360 604 401 erit
625 372 719 401 eum
738 358 894 401 sederit
914 360 962 401 in
969 360 1227 412 principatu
1243 372 1332 412 suo,
1350 361 1497 402 scribet
1519 362 1557 403 ei

62 428 416 472 deuteronomium
447 427 519 470 hoc
550 429 597 470 in
628 428 733 470 libro
765 431 861 469 ante
890 428 1119 470 sacerdotes
1150 432 1186 470 et
1215 428 1379 483 leuitas,
1411 433 1450 471 et
1478 431 1560 472 erit

63 511 155 540 cum
185 498 288 551 ipso,
320 499 358 538 et
387 496 528 550 legetis
558 497 595 538 ei
616 509 757 539 omnes
776 496 864 538 dies
885 497 1000 538 uitae
1021 497 1122 551 eius,
1156 500 1202 538 ut
1223 497 1392 539 discant
1413 499 1558 540 timere

62 566 277 608 dominum
322 565 445 607 deum
494 568 635 618 tuum,
683 564 888 606 custodire
934 566 1079 606 omnia
1124 565 1334 607 mandata
1378 566 1478 608 haec
1524 570 1559 608 et

28 656 44 681 5
63 634 382 687 iustificationes
402 633 480 674 has
500 632 649 688 facere,
678 636 724 674 ut
744 645 828 674 non
849 633 1079 675 extollatur
1101 647 1168 675 cor
1187 634 1276 675 eius
1301 648 1329 675 a
1350 634 1559 687 fratribus

63 703 152 744 eius
182 705 220 743 et
251 715 338 743 non
375 701 719 755 transyrediatur
755 715 783 743 a
822 702 1041 744 mandatis
1081 703 1230 744 deoetra
1261 706 1336 745 aut
1366 704 1558 757 sinistra,

63 773 110 813 ut
139 770 375 825 lonyiturni
406 770 604 822 temporis
633 771 688 812 sit
718 770 767 811 in
789 771 1047 824 principatu
1078 785 1151 813 suo
1181 772 1271 824 ipsc
1300 775 1336 812 et
1356 772 1441 825 filii
1472 773 1561 814 eius

62 852 156 881 eum
184 840 278 892 ipso
308 838 480 892 insiliis
500 837 650 880 Israel.
684 837 783 892 quid
814 839 859 880 tu
892 839 1130 881 huiusmodi
1162 840 1290 881 habes
1322 840 1399 882 nisi
1423 841 1562 882 omnia

64 908 283 958 contraria,
317 907 395 950 nisi
427 907 579 948 cuncta
609 919 715 960 quae
748 906 814 948 dei
845 908 1075 961 inpugnent
1116 908 1314 950 domum?
1352 909 1484 962 primo
1517 922 1561 951 es

16 999 46 1023 10
64 977 312 1026 haereticus,
355 975 505 1017 deinde
543 976 785 1031 persecutor
817 975 883 1017 dei
916 976 1261 1025 domesticorum3
1306 979 1478 1020 conatus
1518 992 1562 1020 es

67 1059 112 1088 ac
145 1045 308 1088 conaris
348 1044 400 1086 ad
438 1044 713 1086 Athanasium
751 1044 1047 1098 iugulandum,
1096 1046 1310 1099 tamquam
1352 1046 1386 1089 is
1424 1047 1559 1096 homo,

66 1115 135 1168 qui
165 1127 244 1156 non
266 1113 505 1155 memineris
528 1113 753 1167 scriptum:
785 1115 823 1155 si
854 1114 986 1166 fuerit
1007 1114 1125 1155 homo
1153 1115 1297 1156 odiens
1314 1116 1561 1167 proximum

65 1186 102 1224 et
141 1183 380 1225 insidiatur
418 1195 512 1229 eum
550 1185 587 1224 et
625 1183 854 1224 surrexerit
893 1183 942 1224 in
979 1197 1073 1224 eum
1111 1186 1151 1225 et
1180 1184 1441 1236 percusserit
1470 1197 1562 1226 eum

65 1252 211 1293 animo
243 1253 279 1293 et
310 1253 501 1292 mortuus
521 1250 651 1303 fuerit
682 1254 718 1292 et
739 1251 898 1305 fugerit
918 1251 966 1292 in
987 1264 1120 1292 unam
1143 1251 1370 1293 ciuitatum
1392 1251 1561 1305 harum,

16 1340 48 1366 15
66 1320 232 1362 mittent
250 1319 432 1361 seniores
454 1319 644 1361 ciuitatis
666 1319 799 1374 illius,
822 1322 858 1360 et
875 1320 1089 1372 accipient
1109 1333 1202 1361 eum
1223 1320 1323 1362 inde
1339 1323 1378 1362 et
1393 1320 1565 1363 tradent

65 1403 157 1432 eum
195 1389 244 1430 in
281 1401 436 1430 manus
473 1388 782 1440 exquirentium
820 1389 1092 1442 sanquinem,
1131 1391 1170 1430 et
1205 1390 1418 1433 morietur.
1479 1402 1562 1431 non

63 1470 211 1512 parces
242 1457 358 1500 oculo
390 1460 460 1498 tuo
482 1469 609 1508 super
631 1470 724 1498 eum
748 1459 786 1498 et
807 1456 1033 1498 mundabis
1054 1457 1304 1511 sanquinem
1325 1458 1564 1500 innocentis

67 1539 116 1569 επ
145 1526 250 1578 illis,
283 1529 322 1568 et
350 1526 446 1568 bene
477 1525 555 1567 tibi
585 1526 677 1580 erit,
714 1526 756 1567 et
787 1525 963 1567 iterum:
995 1539 1082 1568 non
1113 1526 1299 1567 manebit
1320 1527 1433 1569 testis
1454 1541 1566 1569 unus

65 1595 114 1637 in
143 1595 478 1649 testificationem
508 1594 715 1636 aduersus
735 1594 945 1636 hominem
965 1595 1195 1637 secundum
1218 1608 1379 1636 omnem
1405 1595 1563 1648 iniqui-

15 1666 191 1708 sotatem
223 1666 261 1705 et
289 1663 517 1706 secundum
549 1676 669 1705 omne
694 1666 912 1716 peccatum
943 1664 1227 1717 quodcumque
1258 1667 1470 1717 peccatur.
1518 1666 1564 1707 in

67 1745 133 1774 ore
162 1732 343 1774 duorum
374 1733 537 1774 testium
569 1735 647 1773 aut
676 1732 809 1773 trium
840 1732 967 1774 stabit
998 1733 1138 1773 omnis
1167 1745 1314 1775 sermo,
1357 1733 1393 1773 si
1424 1736 1563 1775 autem

67 1801 223 1843 steterit
255 1801 369 1842 testis
400 1801 590 1842 iniustus
622 1800 831 1842 aduersus
860 1799 1071 1842 hominem
1102 1800 1325 1843 detrahens
1345 1802 1383 1842 ei
1407 1802 1562 1854 iniqui-

69 1872 209 1922 tatem,
255 1869 427 1910 stabuut
465 1870 547 1912 duo
589 1868 796 1919 homines,
844 1869 991 1922 quibus
1031 1872 1089 1910 est
1127 1869 1235 1922 ipsis
1273 1871 1564 1923 contradictio,

69 1941 163 1980 ante
200 1938 417 1981 dominum
454 1941 490 1980 et
529 1940 627 1979 ante
673 1938 923 1979 sacerdotem
974 1940 1011 1978 et
1049 1938 1097 1978 in
1141 1940 1359 1990 conspectu
1405 1938 1565 1980 iudicis

19 2007 314 2061 „quicumque
342 2005 473 2059 fuerit
503 2011 551 2047 in
580 2006 723 2048 diebus
753 2006 858 2048 iltis.
907 2008 945 2046 et
982 2006 1302 2059 interroyabunt
1339 2006 1565 2061 diliyenter

68 2076 238 2130 iudice3‚
271 2077 310 2117 et
337 2088 422 2117 ecce
452 2075 567 2117 testis
596 2075 782 2116 iniustus
812 2074 1058 2128 testificatus
1078 2077 1137 2116 est
1167 2074 1333 2127 iniqua,
1367 2076 1565 2117 resistens

70 2144 275 2186 aduersus
305 2143 486 2196 fratrem
514 2156 649 2194 suum,
682 2146 720 2185 et
747 2144 876 2197 facite
907 2144 957 2193 ei,
989 2142 1341 2196 quemadmodum
1371 2145 1567 2196 nequiter

71 2213 153 2267 eyit
187 2213 326 2266 facere
363 2212 568 2254 aduersus
607 2210 789 2264 fratrem
827 2224 964 2264 suum,
1006 2214 1043 2252 et
1082 2211 1246 2263 auferes
1283 2211 1479 2264 iniquum
1517 2225 1565 2254 ex

72 2281 186 2323 uobis
215 2282 334 2334 ipsis.
397 2283 436 2321 et
473 2280 595 2322 ceteri
632 2279 851 2321 audientes
889 2279 1102 2329 timebunt,
1150 2282 1189 2321 et
1227 2293 1313 2321 non
1351 2279 1567 2333 adponent

22 2350 255 2404 wamplius
285 2351 422 2404 facere
452 2347 623 2390 uerbum
654 2346 891 2401 maliynum
921 2346 994 2389 hoe
1026 2348 1073 2388 in
1103 2347 1232 2389 uobis.
1294 2361 1378 2389 non
1408 2361 1563 2400 parces

72 2418 201 2461 oculis
230 2419 315 2460 tuis
344 2431 469 2470 super
498 2430 604 2468 eum,
637 2416 833 2457 animam
847 2430 930 2469 pro
953 2417 1112 2465 anima,
1145 2415 1308 2458 oculum
1330 2429 1415 2468 pro
1438 2414 1564 2464 oculo,

71 2487 233 2529 dentem
255 2500 339 2540 pro
369 2486 502 2537 dente,
534 2497 710 2526 manum
732 2497 814 2537 pro
844 2498 989 2535 manu,
1020 2484 1162 2536 pedem
1194 2496 1276 2536 pro
1299 2484 1415 2536 pede.
1469 2496 1564 2526 cum

207 2589 223 2622 1
250 2589 354 2623 Dent.
382 2588 435 2627 17,
462 2587 594 2622 18—‘20
690 2586 730 2620 12
756 2585 801 2620 ib.
829 2586 882 2625 19,
914 2586 1043 2620 11—13
1140 2585 1180 2620 18
1206 2585 1251 2620 ib.
1283 2585 1331 2622 19.
1361 2585 1492 2619 15-20

141 2669 158 2702 1
186 2668 313 2703 scribet
336 2669 483 2713 scripsi,
508 2667 619 2702 scribe
652 2668 700 2702 Vn
794 2667 825 2700 ei
850 2677 915 2701 om.
947 2678 964 2700 υ
1056 2665 1076 2700 2
1102 2665 1395 2700 deuteronomium
1421 2668 1567 2711 scripsi,

72 2724 331 2760 deuteronomio
362 2727 407 2770 V,
438 2726 475 2759 in
507 2724 765 2759 deuteronomio
797 2727 884 2758 ante
918 2726 954 2757 et
986 2723 1051 2757 erit
1082 2723 1102 2758 I.
1136 2726 1153 2756 1
1190 2723 1402 2766 transponit
1437 2735 1473 2765 ι·,·
1509 2725 1564 2757 καὶ

74 2782 202 2825 γράψει
227 2781 325 2828 αὑτῷ
348 2781 388 2816 τὸ
421 2781 694 2825 δευτερονόμιον
726 2781 834 2814 τοῦτο
867 2779 918 2818 εἰς
941 2780 1077 2824 βιβλίον
1102 2778 1217 2814 LXX
1365 2780 1386 2812 3
1419 2780 1467 2814 eis
1498 2791 1566 2815 scr.

77 2860 188 2896 Coleti
281 2862 325 2897 20
349 2864 510 2907 peccator
602 2861 646 2895 25
672 2831 830 2906 qu'ucff‘que
