1934 3278
422 237 476 271 De
502 247 570 271 non
596 236 769 281 parcendo
794 236 830 270 in
856 235 959 270 deum
983 235 1279 281 delinquentibus.
1510 237 1595 281 215

91 365 314 419 disperdat
341 367 378 406 te
408 365 605 406 dominus
633 364 743 407 sicut
772 363 981 406 hodierna
1003 364 1083 408 die.
1115 367 1153 406 et
1173 364 1483 418 lapidauerurit
1503 379 1617 408 eum-

94 434 231 476 omm‘s
260 433 399 475 Israel
429 433 647 486 lapidibus
677 437 715 476 et
745 435 1028 487 inposuerunt
1056 447 1185 488 super
1213 433 1341 475 illum
1360 437 1598 489 eonyestum

93 503 289 556 lapidum
318 515 532 556 maynum.
580 505 620 544 et
654 503 834 545 cessauit
869 503 1066 544 dominus
1095 502 1147 544 ab
1178 503 1477 557 indiynatione
1506 504 1598 545 irae

89 584 201 613 suae.
253 570 486 621 considera,
521 571 752 622 Constanti,
787 571 901 625 quali
934 571 990 612 sis
1021 570 1233 625 periturus
1265 571 1476 624 exemplo,
1516 571 1595 614 nisi

52 649 71 674 ⁵
89 639 165 681 tibi
196 638 428 692 prouideris
457 639 516 688 tu,
550 652 654 692 quas
676 638 733 680 sis
756 638 794 680 in
820 639 1035 680 aeternum
1059 639 1233 681 daturus
1254 652 1422 693 poenas.
1455 639 1596 682 Achar

87 709 254 762 propter
284 707 688 761 praeuaricationem
713 707 1008 749 mandatorum
1028 708 1135 750 talia
1157 709 1222 750 est
1242 709 1515 759 consecutus3
1547 709 1595 750 tu

89 777 230 831 qualia
260 777 433 818 meroris
464 776 558 818 hinc
590 776 781 830 intellegi
815 776 949 827 datur,
984 777 1095 831 quod
1127 777 1184 819 sis
1217 777 1422 831 apostata.
1456 778 1491 819 si
1522 778 1594 820 ille

88 846 241 887 etenim
274 845 371 898 quia
403 845 596 887 habuerit
628 845 678 887 de
712 846 993 896 anathemate,
1026 846 1143 887 tanto
1177 846 1241 887 est
1261 846 1430 899 punitus
1454 846 1592 898 exitio,

87 915 240 968 quanto
271 914 406 967 magis
437 915 503 956 tu!
537 914 624 956 sine
658 914 783 956 dubio
814 914 998 967 punieris
1029 914 1201 968 grauius
1238 915 1308 968 qui
1340 914 1469 956 fueris
1500 914 1592 957 fac-

34 995 67 1021 10
84 984 153 1024 tus
186 983 408 1024 anathema
439 983 630 1037 negando
663 983 731 1024 dei
761 983 908 1024 filium.

139 1052 239 1094 IIII.
264 1053 311 1093 In
334 1064 381 1094 eo
403 1064 478 1094 nos
505 1052 674 1094 scelesti
699 1051 808 1105 apud
829 1052 885 1102 te,
908 1052 948 1094 in
982 1064 1029 1094 eo
1062 1053 1230 1106 superbi
1263 1065 1309 1094 ac
1334 1053 1591 1105 peruicaces,

82 1121 122 1162 in
142 1133 190 1163 eo
207 1120 458 1174 petulantes,
482 1120 580 1174 quia
603 1120 792 1162 dicamus
813 1121 910 1162 tibi:
934 1121 1203 1176 sacrileyium
1219 1121 1358 1174 fecisti
1375 1122 1494 1164 unici
1508 1121 1593 1175 filii

83 1190 150 1232 dei
172 1190 384 1231 existendo
406 1192 593 1243 περαίαν,
618 1189 716 1243 quia
742 1189 951 1230 dicamus:
974 1189 1139 1231 consule
1155 1190 1244 1242 tibi,
1267 1191 1380 1244 eripe
1397 1191 1592 1232 animam

80 1262 198 1300 tuam
227 1258 278 1300 de
307 1258 470 1310 laqueis
490 1257 660 1299 diaboli.
693 1257 792 1310 quid
815 1257 911 1298 noui
932 1256 1110 1299 facimus
1137 1256 1334 1311 episcopi,
1368 1258 1403 1299 si
1433 1258 1509 1299 tibi
1543 1271 1593 1299 ea

30 1337 62 1362 1⁵
83 1327 271 1369 dicamus
289 1339 395 1380 quae
412 1328 458 1368 tu
476 1326 649 1368 mereris
668 1325 842 1368 audire?
863 1338 959 1367 cum
980 1325 1244 1368 inueniamus
1265 1326 1385 1368 illum
1408 1327 1590 1369 sanctis-

82 1396 232 1438 simum
256 1395 455 1438 Samuhel
474 1395 541 1436 dei
559 1395 822 1436 sacerdotem
839 1395 942 1436 haec
963 1394 1117 1436 dixisse
1136 1394 1189 1437 ad
1207 1394 1308 1437 Saul
1323 1407 1466 1449 regem
1482 1408 1590 1449 quae

78 1465 185 1506 infra
200 1464 387 1506 lecturus
405 1477 469 1506 es:
492 1464 651 1506 dolores
667 1467 706 1505 et
717 1464 897 1517 yemitzis
914 1464 970 1505 ad
991 1469 1029 1506 te
1046 1463 1322 1506 adducentur.
1338 1478 1422 1517 pro
1438 1465 1590 1517 quibus

80 1533 244 1575 nullius
273 1534 471 1575 momenti
500 1533 643 1587 fecisti
673 1533 848 1575 uerbum
878 1533 1062 1586 domini,
1110 1533 1276 1575 null-ius
1313 1533 1511 1575 momenti
1553 1536 1590 1574 te

78 1602 206 1655 faciet
237 1603 445 1653 dominus,
478 1615 530 1643 rie
560 1615 719 1656 reynes,
753 1602 795 1643 et
832 1601 1009 1643 iterum:
1049 1603 1252 1655 quoniam
1291 1601 1456 1644 nullius
1498 1615 1588 1643 mo-

28 1679 61 1704 2’0
79 1671 209 1713 menti
249 1670 386 1723 fecisti
423 1671 596 1713 acerbum
632 1671 811 1720 domini,
844 1674 881 1712 ct
911 1671 968 1712 ad
999 1670 1185 1713 nihilum
1215 1671 1373 1726 rcdiyet
1403 1674 1440 1713 te
1470 1671 1586 1721 deus,

79 1754 130 1783 rie
159 1741 218 1783 sis
247 1754 320 1782 rex
351 1753 476 1793 super
498 1739 648 1795 Israel,
684 1740 725 1781 et
755 1740 883 1781 infra:
915 1740 1152 1794 disrumpet
1181 1740 1381 1782 dominus
1410 1753 1587 1794 reymim

80 1814 199 1851 tuum
229 1822 278 1851 ex
309 1809 449 1851 Israel
480 1811 530 1852 de
561 1823 696 1850 manu
727 1812 802 1850 tua
833 1809 973 1859 hodie,
1022 1812 1058 1851 et
1095 1809 1214 1851 dabit
1251 1809 1362 1851 illud
1385 1810 1586 1863 prowimo

80 1883 150 1921 tuo
181 1878 347 1920 meliori
379 1881 426 1921 tc.
480 1878 515 1919 si
555 1879 657 1919 haec
697 1878 770 1919 ille
812 1878 914 1919 dixit
954 1877 1005 1919 ad
1048 1877 1169 1928 Saul,
1216 1878 1436 1931 propterea
1476 1878 1587 1932 quod

82 1947 235 1989 domini
267 1947 492 2001 praecepta
522 1946 806 2000 praeterierit,
844 1959 918 1988 cur
948 1959 1023 1988 nos
1054 1947 1177 2000 putas
1207 1959 1286 1989 non
1318 1947 1451 1989 libera
1482 1960 1585 1989 uoce

28 2033 61 2058 25
82 2015 221 2058 dicere
261 2016 494 2069 oportuisse
533 2017 575 2057 te
621 2028 712 2057 esse
759 2016 1034 2070 sacrilegum,
1084 2016 1155 2070 qui
1202 2016 1280 2058 nisi
1327 2017 1585 2059 conuerteris

78 2085 211 2126 temet
243 2084 293 2125 ad
327 2085 472 2134 deum,
520 2084 630 2137 quod
664 2084 718 2126 sit
748 2084 789 2126 te
824 2084 876 2125 ad
908 2084 1082 2126 nihilum
1119 2085 1400 2127 redacturus?
1439 2086 1472 2127 si
1505 2098 1584 2128 non

78 2155 120 2194 te
150 2153 376 2195 fuissemus
410 2153 582 2203 hortati,
620 2153 655 2194 si
686 2165 765 2195 non
800 2153 851 2194 ad
884 2153 1215 2196 satisfactionem
1246 2166 1584 2208 prouocaremus,

79 2222 227 2264 merito
260 2222 421 2263 diceres
455 2221 559 2263 odiri
590 2223 632 2263 tc
667 2235 691 2263 a
722 2222 853 2263 nobis.
903 2222 976 2263 aut
1006 2234 1101 2264 cum
1135 2223 1282 2264 audias
1323 2235 1397 2265 nos
1430 2223 1581 2265 dicero.

75 2292 300 2343 paenitere,
332 2291 578 2344 imperator,
611 2291 772 2344 corriye
804 2291 902 2332 uias
934 2294 1050 2340 tuas,
1091 2294 1140 2333 ut
1168 2292 1482 2334 misericordiae
1512 2293 1583 2333 in·

26 2373 61 2398 so
81 2360 228 2401 uenias
261 2360 418 2409 locum,
463 2359 639 2400 arbitror
670 2359 935 2400 considerare
966 2359 1009 2400 te
1042 2360 1297 2413 oportuisse,
1331 2360 1440 2413 quod
1474 2359 1581 2401 enim

81 2427 267 2481 diligaris
301 2442 324 2469 a
356 2428 486 2477 nobis,
522 2427 675 2469 amaris
709 2440 732 2468 a
763 2427 901 2469 nobis:
936 2428 978 2468 et
1006 2428 1051 2469 tu
1085 2428 1125 2469 in
1157 2441 1204 2469 eo
1237 2441 1311 2469 nos
1338 2428 1581 2478 exsecraris,

78 2508 151 2537 cur
180 2508 425 2538 maneamus
457 2497 495 2537 in
530 2497 612 2538 fido
647 2496 889 2550 apostolica,
922 2495 1064 2537 reddis
1096 2496 1207 2538 mala
1239 2509 1311 2550 pro
1337 2497 1467 2538 bonis.
1502 2510 1580 2539 non

215 2655 255 2689 17
284 2655 297 2688 1
322 2655 406 2699 Reg.
433 2656 487 2695 15,
513 2655 567 2690 23.
593 2655 634 2689 2³1
736 2655 775 2689 lv
804 2655 849 2689 ib.
878 2655 931 2696 15,
958 2655 1001 2690 26
1095 2654 1134 2690 21
1165 2655 1211 2690 ib.
1239 2656 1292 2698 15,
1319 2656 1364 2691 28

145 2802 162 2836 1
191 2802 334 2838 odierna
427 2805 448 2838 5
473 2805 501 2840 si
527 2805 642 2840 Achar
665 2806 753 2849 fort.
848 2806 892 2839 22
918 2805 997 2840 illut
1088 2804 1133 2840 23
1158 2805 1221 2840 illa.
1313 2805 1357 2839 25
1384 2806 1578 2851 oportuisse

83 2867 121 2912 V,
145 2861 300 2906 potuisse
325 2873 345 2896 v
