1934 3278
477 229 532 264 De
556 239 626 263 non
652 229 827 274 parcendo
853 230 890 265 in
914 230 1017 265 deum
1042 230 1338 277 delinquentibus.
1567 235 1649 278 281

147 358 230 412 {ilii
260 356 518 410 iniquitatis,
549 368 686 397 semen
715 355 958 398 adulterum
988 359 1025 398 et
1055 357 1299 401 meretricis.
1331 358 1379 399 in
1409 372 1488 412 quo
1517 359 1648 402 delec-

150 426 228 468 tati
258 426 356 467 estis
385 427 423 466 et
452 425 502 466 in
532 437 651 477 quem
672 424 901 476 aperuistis
932 436 977 465 os
1008 427 1196 466 uestrum
1225 428 1264 466 et
1293 426 1499 469 aduersus
1528 442 1649 482 quem

147 494 374 536 inmisistis
404 493 600 546 linquam
621 492 843 534 uestram?
873 505 1017 534 nonne
1040 505 1113 534 uos
1143 494 1243 535 estis
1271 493 1355 547 filii
1377 496 1648 551 perditionis,

145 576 280 605 semen
311 562 540 615 iniquum?
587 561 627 601 et
659 559 740 601 alio
771 559 885 601 loco:
934 560 1071 603 uidete
1108 562 1211 614 quia
1252 563 1397 604 omnia
1425 568 1650 607 excaecata

111 634 264 682 ⁵sunt,
310 644 396 672 non
434 631 716 683 coynouerunt
752 641 919 682 sapere,
967 642 1108 671 omnes
1147 642 1274 671 canes
1310 632 1418 672 muti
1453 634 1527 686 qui
1562 647 1650 676 non

140 703 339 755 poterunt
378 699 558 752 latrare,
600 699 860 741 somniantes
890 699 938 740 in
968 698 1122 750 cubile,
1170 702 1366 742 amantes
1403 701 1649 745 dormitare.

143 773 179 812 et
210 782 334 811 canes
365 769 545 822 improbi
570 769 741 811 animae
762 769 990 810 nescientes
1010 769 1257 819 satietatem,
1289 772 1326 811 et
1346 773 1448 811 sunt
1465 784 1646 824 nequam

145 839 371 880 nescientes
408 837 686 892 intellectum,
727 850 867 879 omnes
906 837 1003 878 uias
1039 849 1141 878 suas
1169 838 1299 879 secuti
1335 842 1448 880 sunt.
1501 839 1571 893 qui
1603 840 1646 882 hi

145 908 240 947 sunt
273 906 324 947 ad
358 919 460 959 quos
491 906 592 947 haec
625 905 693 946 uel
721 906 887 958 propter
910 917 1012 958 quos
1036 904 1256 947 dicantur?
1288 919 1435 960 nempe
1456 907 1518 948 illi
1541 921 1646 961 quos

94 981 127 1007 1⁰
143 975 185 1016 in
218 975 416 1017 uicesimo
446 975 579 1028 primo
610 974 772 1028 psalmo
803 974 969 1015 incusat
998 974 1146 1015 unicus
1179 973 1246 1015 dei
1277 974 1388 1017 filius
1415 988 1484 1018 ore
1506 976 1647 1018 Dauid

147 1043 308 1086 dicens:
348 1044 713 1086 circumdederunt
740 1056 803 1085 me
833 1043 964 1085 uituli
996 1043 1133 1093 multi,
1175 1044 1291 1084 tauri
1314 1044 1497 1099 pinques
1533 1046 1647 1087 obse-

144 1114 299 1156 derunt
327 1127 400 1154 me.
453 1115 714 1166 aperuerunt
743 1113 793 1154 in
823 1126 886 1154 me
916 1124 961 1153 os
989 1124 1135 1165 suum,
1177 1113 1287 1154 sicut
1317 1112 1375 1154 leo
1403 1114 1580 1166 rapiens
1609 1117 1647 1155 et

144 1183 327 1236 ruqiens‚
379 1182 422 1224 et
450 1181 577 1223 infra:
609 1181 974 1224 circumdederunt
1003 1193 1066 1222 me
1095 1193 1221 1222 canes
1250 1181 1390 1235 multi,
1423 1183 1648 1225 concilium

144 1251 480 1306 maliynantium
518 1250 676 1292 obsedit
715 1264 799 1301 me,
845 1249 1048 1302 foderunt
1090 1262 1246 1291 manus
1285 1263 1397 1292 meas
1435 1254 1475 1292 et
1504 1252 1645 1304 pedes.

94 1324 127 1350 ¹⁵
145 1320 310 1373 quando
348 1320 491 1373 itaque
522 1319 617 1361 illos
647 1319 688 1360 in
722 1317 943 1371 sacrilegio
974 1317 1198 1371 magistros
1238 1319 1333 1359 tuos
1366 1318 1500 1361 dictos
1531 1319 1648 1361 uitu-

143 1387 219 1438 los,
252 1390 395 1430 tauros
426 1388 601 1442 pingues
635 1389 760 1441 atque
792 1399 918 1428 canes
951 1386 1160 1436 aduerte&
1193 1399 1272 1427 non
1294 1388 1449 1440 poteris
1472 1390 1517 1429 tu
1539 1401 1646 1430 unus

145 1470 193 1498 ex
230 1457 549 1511 malignantium
588 1456 764 1498 conc-ilio
805 1455 1154 1497 contumeliosum
1194 1468 1260 1496 me
1297 1455 1506 1507 iudicare,
1550 1457 1649 1510 quia

143 1526 226 1567 illis
257 1527 299 1567 te
332 1538 564 1579 nuncupem
597 1525 832 1567 nominibus
865 1524 1014 1578 quibus
1046 1524 1385 1577 compestilentes
1415 1525 1476 1566 tui
1508 1525 1649 1566 uocati

144 1596 240 1636 sunt
272 1607 317 1636 ac
351 1595 574 1642 uocantur3
623 1606 757 1648 neque
791 1594 898 1634 enim
930 1594 976 1634 tu
1008 1593 1142 1634 minor
1174 1605 1218 1634 es
1256 1593 1297 1634 in
1329 1594 1534 1647 nequitia,
1577 1595 1647 1648 qui

93 1673 126 1698 20
146 1664 302 1705 audeas
336 1663 495 1705 dicere:
534 1667 624 1704 erat
655 1663 823 1716 quando
855 1675 940 1703 non
971 1664 1064 1703 erat
1091 1665 1128 1703 et
1157 1662 1299 1714 factus
1328 1665 1387 1703 est
1414 1676 1464 1704 ea:
1493 1662 1646 1717 nihilo,

144 1733 190 1773 ut
221 1745 299 1773 non
331 1732 414 1773 illis
447 1732 555 1785 aptis
586 1732 661 1773 tibi
694 1730 930 1773 nominibus
962 1730 1224 1783 nuncuperis.
1271 1730 1347 1771 sed
1377 1731 1442 1772 uis
1473 1731 1536 1773 his
1568 1744 1647 1773 non

143 1801 370 1854 nuncupari
403 1801 649 1850 nominibus,
682 1801 799 1841 muta
830 1799 921 1840 uias
942 1800 1051 1849 tuas,
1085 1799 1246 1852 corrige
1270 1811 1428 1841 errores
1459 1800 1567 1851 tuos,
1600 1801 1648 1841 ut

142 1870 410 1911 correxerunt
440 1869 596 1911 Paulus
636 1868 905 1910 beatissimus
946 1870 988 1909 et
1026 1868 1155 1909 ceteri
1196 1880 1243 1909 ex
1275 1867 1347 1909 illo
1378 1868 1536 1921 perfido
1568 1881 1646 1922 po-

143 1938 252 1991 pulo.
313 1938 410 1991 quia
451 1937 588 1978 dicam
626 1937 725 1979 tibi:
777 1939 891 1989 eripe
928 1941 965 1978 te
1004 1951 1032 1978 a
1077 1937 1413 1992 maliynantium
1458 1938 1648 1992 concilio,

94 2013 126 2039 ²⁵
143 2006 288 2048 uideor
320 2018 411 2047 esse
441 2006 519 2047 tibi
550 2005 889 2047 contumeliosus.
938 2018 1020 2059 qua
1053 2006 1104 2047 de
1133 2010 1207 2047 re?
1239 2018 1386 2059 nempe
1418 2006 1515 2059 quia
1545 2018 1645 2059 pro-

143 2075 264 2116 fitear
294 2087 360 2116 me
394 2074 698 2125 Christianum,
742 2075 839 2128 quia
880 2075 1082 2116 noluerim
1126 2074 1414 2128 derelinquere
1448 2074 1571 2115 deum
1605 2076 1647 2116 et

145 2144 258 2186 abire
290 2144 385 2197 post
414 2143 697 2185 idololatriam
728 2144 857 2184 tuam.
911 2157 989 2185 non
1021 2156 1096 2185 nos
1134 2144 1313 2197 primum
1351 2143 1645 2186 contumeliosi

145 2224 191 2253 ac
225 2212 391 2265 superbi
425 2224 448 2252 a
486 2212 604 2253 uobis
644 2212 745 2253 dicti
786 2225 929 2253 sumus
970 2212 1207 2266 sacrilegis3
1257 2211 1357 2253 dicti
1397 2212 1494 2254 sunt
1536 2212 1643 2253 enim

145 2281 270 2322 etiam
309 2280 371 2321 illi
413 2281 552 2322 cuncti
593 2281 662 2334 qui
702 2281 947 2322 restiterunt
976 2282 1153 2323 funestis
1186 2281 1334 2323 edictis
1366 2282 1643 2336 contyranno-

93 2352 233 2390 ⁸⁰rum
263 2350 441 2390 tuorum.

199 2418 370 2460 XXXV.
412 2419 466 2460 Ut
497 2419 538 2459 et
568 2420 730 2460 ceteros
761 2420 1020 2472 praeteream
1051 2419 1092 2460 in
1124 2418 1315 2460 clausula
1346 2418 1556 2468 orationis,
1591 2418 1643 2459 ad

143 2485 277 2527 solum
308 2487 459 2527 iterum
492 2500 557 2527 me
590 2488 751 2528 uertam
783 2486 1033 2528 Antiochum
1056 2499 1210 2540 regem.
1244 2486 1511 2528 iudicabatne
1534 2487 1642 2528 resi-

278 2622 299 2654 4
326 2622 381 2656 Es.
408 2622 462 2661 56,
493 2623 544 2655 lo.
572 2622 610 2656 11
710 2623 747 2656 11
776 2622 833 2656 Ps.
859 2622 914 2661 21,
943 2622 995 2656 13.
1024 2623 1061 2655 14
1160 2622 1202 2656 13
1227 2621 1275 2655 ib.
1300 2622 1355 2659 21,
1386 2623 1426 2656 17

210 2759 231 2792 6
256 2760 441 2803 potuerunt
460 2771 477 2794 v
571 2760 590 2793 7
617 2760 733 2794 anima
750 2761 844 2795 coni.
866 2759 960 2794 Gall.
1057 2758 1098 2793 13
1116 2758 1273 2793 cocilium
1370 2760 1409 2796 14
1428 2771 1549 2794 manos

143 2838 187 2872 20
204 2821 280 2874 (11ςὲ
371 2841 412 2874 21
432 2823 636 2886 nbncuperis
729 2842 773 2875 25
793 2842 872 2886 quia
890 2854 916 2875 s.
937 2842 959 2876 I.
1053 2842 1092 2875 31
1114 2844 1149 2875 ot
1166 2843 1205 2874 ut
1221 2842 1314 2876 coni.
1337 2841 1565 2877 Gallaudius
