1934 3278
643 136 697 170 De
722 135 862 180 regibus
887 135 1102 180 apostaticis.
1565 141 1620 182 49

117 261 219 303 item
251 261 339 303 eius
369 260 501 302 filium
534 260 686 311 Abiud,
719 260 771 301 de
803 273 883 314 quo
915 261 1116 314 scriptum
1147 261 1335 304 inuenio:
1367 266 1404 304 et
1434 265 1540 306 abiit
1571 266 1620 307 in

113 331 295 383 peccatis
316 331 463 383 patris
491 330 572 383 sui,
605 342 712 383 quae
741 329 837 382 fecit
868 330 915 371 in
946 333 1165 383 conspectu
1201 331 1304 382 eius,
1346 334 1383 373 et
1413 345 1497 373 non
1527 337 1622 375 erat

117 411 185 441 cor
213 399 302 441 eius
332 402 671 441 consummatum
700 412 795 440 cum
823 399 993 440 domino
1031 399 1104 441 deo
1134 412 1223 454 suo,
1262 401 1371 442 sicut
1410 404 1502 442 erat
1549 416 1622 444 cor

115 465 270 510 Dauid
289 467 437 520 patris
467 468 569 517 eius,
603 467 646 508 et
675 468 818 508 tamen
850 479 946 508 cum
980 468 1186 510 seruirent
1214 467 1354 519 idolis,
1395 469 1545 512 fuerint
1577 472 1617 514 in

81 545 243 589 ⁵regno
276 536 318 577 et
347 535 501 578 mortui
533 536 616 578 sint
647 536 688 577 in
721 548 772 578 ea
803 535 1022 590 dignitate,
1056 537 1099 578 et
1128 536 1381 579 tradiderint
1411 537 1509 581 filiis
1532 542 1619 583 suis

117 604 410 646 auctoritatem
441 606 570 659 regni.
602 618 654 647 ne
675 605 818 659 itaque
841 605 968 647 etiam
989 606 1031 647 in
1054 619 1102 648 eo
1124 605 1342 660 plaudeas,
1375 608 1485 661 quod
1509 611 1617 652 enim

114 672 234 726 pater
265 673 406 715 uester
427 673 547 716 uobis
576 674 800 716 tradiderit
828 686 1017 728 regnum,
1051 674 1214 716 dicens:
1245 676 1334 717 uisi
1350 679 1475 728 pater
1503 692 1619 721 meus

114 741 213 784 bene
232 743 396 791 fecisset
417 742 606 796 conferre
627 756 669 785 se
690 744 747 785 ad
767 743 997 796 Arrianos,
1019 757 1103 785 non
1126 745 1216 786 eius
1231 744 1317 797 filu·
1332 758 1616 799 reynaremus.

114 810 209 852 nolo
243 810 382 853 dicas:
414 812 452 853 si
472 810 710 854 haereticus
731 824 871 863 essem,
904 825 1138 865 numquam
1161 815 1330 854 tantum
1350 814 1617 867 imperarem,

62 887 96 913 1⁰
114 892 348 932 numquam
389 894 453 922 me
474 881 741 934 permitteret
779 882 881 923 deus
910 881 1049 922 adhuc
1080 883 1130 922 in
1159 895 1288 936 reyrw
1319 895 1415 939 esse,
1450 885 1615 938 quando

113 947 261 990 uideas
291 948 442 1002 uiginti
481 950 660 1003 quatuor
705 949 822 991 annis
859 962 1059 1004 regnasse
1090 951 1262 993 Basiam
1292 950 1426 993 filium
1457 952 1616 994 Achiae

114 1028 237 1070 super
275 1017 421 1067 Israel,
463 1017 514 1060 de
555 1030 635 1072 quo
676 1017 879 1072 scriptum
915 1018 1113 1061 inuenisti
1151 1018 1194 1061 in
1232 1019 1472 1073 Regnorum
1510 1020 1616 1063 libro

111 1085 262 1128 tertio:
307 1089 346 1128 et
380 1087 479 1140 fecit
515 1088 756 1142 maliqnum
794 1101 937 1131 coram
975 1089 1146 1130 domino
1189 1091 1227 1131 et
1265 1088 1371 1130 abiit
1407 1089 1457 1130 in
1497 1090 1618 1131 uiam

111 1154 370 1197 Hieroboam
399 1156 487 1209 filii
518 1156 694 1198 Nabath
736 1159 774 1199 et
813 1157 860 1198 iu
890 1157 1080 1211 peccatis
1122 1157 1224 1206 eius,
1265 1157 1617 1210 quemadmodum

61 1234 94 1261 1⁶
103 1225 304 1277 peccauit
333 1226 381 1266 in
411 1224 563 1267 Israel.
625 1226 696 1279 qui
734 1225 860 1268 Basia
898 1238 970 1268 rex
1012 1225 1216 1268 debuerat
1252 1225 1398 1279 utique
1429 1227 1617 1269 metuere

111 1303 162 1332 ne
194 1290 344 1333 fuisset
372 1303 598 1345 percussus
623 1292 671 1334 ut
690 1292 937 1343 Hieroboas,
970 1291 1005 1334 si
1028 1305 1052 1334 a
1071 1292 1153 1334 uiis
1173 1292 1423 1335 recessisset
1445 1293 1616 1337 domini.

113 1359 187 1402 sed
217 1360 279 1402 ita
309 1360 410 1402 estis
441 1361 512 1415 qui
544 1374 569 1403 a
599 1361 677 1404 deo
710 1361 945 1412 declinatis,
976 1361 1026 1403 ut
1046 1373 1143 1403 cum
1163 1361 1284 1403 uobis
1305 1361 1431 1403 fuerit
1450 1362 1617 1405 libitum

111 1428 153 1470 in
183 1429 378 1472 iniuriam
419 1430 488 1472 dei
531 1430 743 1484 suscipere
785 1430 970 1473 officium
1012 1430 1291 1482 idololatriae,
1324 1443 1403 1472 non
1434 1433 1615 1484 possetis

111 1511 188 1541 nec
221 1498 388 1541 illorum
421 1499 491 1553 qui
521 1500 608 1541 iam
638 1499 815 1541 iudicati
845 1499 1001 1541 fuerint
1019 1499 1167 1541 terreri
1190 1499 1393 1553 exemplo,
1426 1501 1615 1543 conuerti

60 1586 94 1612 »ο
113 1567 166 1609 ad
198 1567 335 1610 deum.
396 1568 598 1622 scriptum
630 1568 696 1611 est
716 1568 845 1610 etiam
876 1568 928 1610 de
950 1568 1115 1610 Iambre
1137 1579 1258 1621 rege:
1288 1571 1326 1609 et
1355 1568 1455 1620 fecit
1487 1569 1616 1610 mali-

109 1650 243 1691 qnum
274 1637 321 1678 in
352 1640 571 1690 conspectu
591 1637 768 1689 domini,
801 1639 838 1679 et
868 1636 1054 1691 malique
1082 1636 1182 1689 fecit
1212 1648 1342 1688 super
1371 1649 1513 1678 omnes
1541 1638 1617 1690 qui

111 1705 287 1758 fuerunt
323 1709 421 1748 ante
461 1719 555 1748 eum
593 1709 629 1747 et
661 1706 768 1747 abiit
807 1706 854 1747 in
885 1718 1047 1747 omnem
1086 1705 1208 1747 uiam
1239 1704 1497 1746 Hieroboam
1527 1705 1616 1758 filii

114 1774 289 1816 Nabath
309 1775 359 1817 in
378 1775 562 1827 peccatis
583 1775 699 1827 eius,·
731 1774 774 1816 et
803 1775 945 1816 tamen
967 1773 1033 1815 hic
1057 1773 1128 1827 qui
1151 1773 1304 1814 dicitur
1326 1785 1449 1826 super
1472 1785 1617 1815 omnes

110 1856 325 1898 peccasse,
350 1843 421 1897 qui
444 1842 539 1885 ante
560 1843 681 1885 illum
702 1843 869 1885 fuerant
889 1854 1024 1896 reges,
1057 1854 1136 1883 non
1159 1841 1303 1883 statim
1325 1846 1369 1882 ut
1391 1841 1617 1895 dereliquit

59 1912 239 1956 sodeum
279 1912 509 1955 exstinctus
557 1912 621 1953 est
669 1924 745 1954 nec
785 1924 857 1965 per
898 1911 1082 1964 aliquam
1123 1922 1298 1964 grauem
1336 1909 1615 1952 ualitudinem

113 1983 179 2024 est
207 1982 398 2033 uexatus,
430 1981 478 2022 ut
506 1980 692 2035 grauiori
721 1992 856 2034 poena
886 1979 1035 2021 fuisset
1074 1979 1190 2021 uisus
1228 1978 1504 2031 interemptus
1545 1978 1615 2031 qui

110 2051 284 2106 grauius
317 2050 567 2092 describitur
592 2049 832 2103 deliquisse.
883 2047 1017 2098 uides,
1051 2047 1282 2097 Constanti,
1313 2045 1487 2088 tametsi
1513 2058 1615 2088 con-

111 2119 250 2173 tingat
278 2119 355 2161 tibi
384 2119 425 2161 in
458 2131 623 2161 summa
652 2118 857 2160 felicitate
888 2118 929 2158 in
951 2118 1029 2159 hac
1051 2116 1307 2170 temporaria
1328 2115 1486 2157 uersari
1510 2115 1614 2167 uita,

112 2188 254 2229 tamen
285 2187 421 2241 magis
450 2188 494 2229 te
531 2187 682 2230 timere
716 2187 883 2237 debere,
924 2185 1036 2240 quod
1073 2185 1140 2227 dei
1178 2184 1406 2226 reserueris
1437 2183 1615 2230 iudicio;

61 2271 96 2298 so
115 2257 158 2298 et
185 2256 288 2297 licet
325 2256 452 2297 etiam
490 2256 533 2297 hi
565 2256 635 2309 qui
667 2255 811 2297 statim
844 2255 1153 2308 extinguuntur,
1187 2253 1338 2307 quibus
1375 2252 1440 2293 hic
1475 2251 1620 2304 aliqua

115 2325 317 2367 diuinitus
347 2324 564 2378 inrogatur
594 2337 835 2378 poenarum,
867 2324 962 2377 post
984 2323 1232 2365 descensum
1255 2333 1418 2374 semper
1438 2321 1613 2372 torque-

494 2395 511 2412 Ο

254 2487 269 2521 1
297 2485 348 2521 ΙΙΙ
371 2485 457 2531 Reg.
485 2485 539 2525 15,
566 2484 587 2518 3
683 2483 725 2517 13
751 2483 798 2519 ib.
825 2483 879 2524 15,
904 2483 948 2517 34
1043 2483 1087 2517 20
1112 2482 1159 2517 ib.
1187 2482 1240 2521 16,
1267 2481 1322 2515 25.
1346 2480 1389 2513 26

185 2635 202 2668 1
228 2634 323 2669 Abia
346 2634 530 2669 Latinius
655 2632 732 2667 abit
758 2644 799 2667 m.
826 2635 845 2666 1
970 2632 990 2664 5
1016 2633 1098 2665 sunt
1223 2629 1408 2673 dignatate
1434 2641 1476 2663 m.
1506 2633 1523 2663 1

114 2692 135 2727 6
159 2691 306 2736 plaudas
332 2703 352 2726 v
445 2693 466 2726 8
490 2690 580 2726 bene
605 2702 632 2726 s.
660 2690 681 2725 l.
708 2702 751 2725 m.
779 2693 797 2724 1
894 2688 932 2722 11
960 2688 1101 2722 Baasan
1129 2687 1311 2721 Latinius
1408 2685 1449 2720 18
1474 2684 1618 2729 possitis

115 2748 298 2784 Latinius
393 2748 436 2782 19
460 2748 574 2782 territi
601 2748 784 2782 Latinius
809 2745 908 2788 falso
1001 2744 1046 2778 25
1071 2743 1222 2788 aliquem

183 2815 292 2852 XIIII⁴
1459 2810 1481 2841 4
