1934 3278
604 278 658 312 De
685 279 806 311 sancto
833 276 1028 311 Athanasio
1054 275 1143 310 liber
1167 275 1192 310 1.
1597 274 1654 317 95

151 405 297 447 Achab
330 406 449 446 tuum
487 402 789 456 coapostatam,
830 402 872 443 et
911 400 1100 442 inuenies
1137 401 1179 442 te
1221 412 1312 442 esse
1343 400 1467 443 hodie
1498 400 1655 443 Achab.

151 474 277 524 uiuit,
309 472 445 526 inquit
469 470 629 520 Helias,
660 470 869 520 dominus,
902 470 970 511 cui
1002 469 1159 511 adsisto
1189 471 1289 511 ante
1308 472 1585 523 conspectam,
1616 471 1655 511 si

151 543 233 582 erit
263 542 394 583 annis
426 541 518 582 istis
550 552 620 581 ros
649 541 687 580 et
703 537 876 591 pluuia,
909 539 995 579 nisi
1015 551 1092 590 per
1114 538 1285 579 uerbum
1308 539 1394 579 oris
1415 540 1508 579 mei.
1544 539 1656 592 quod

152 610 296 663 utique
329 622 424 651 cum
445 608 665 662 impletum
686 606 847 656 fnisset,
882 606 1084 647 debuerat
1106 618 1252 648 uecors
1274 618 1525 660 cognoscere
1557 619 1655 648 uere

118 677 277 720 5deum
309 677 444 719 solum
475 677 688 730 potentem
726 675 862 716 totum
900 687 979 716 non
1020 674 1148 716 fuisse
1189 674 1266 716 nisi
1306 674 1426 716 illum
1464 676 1531 717 cui
1571 688 1655 717 ser-

152 747 261 788 uiret
290 746 450 788 Helias.
485 744 585 799 quid
618 743 706 798 agit
737 744 912 785 Achab?
944 743 1062 784 uidet
1090 755 1163 796 per
1183 743 1407 785 triennium
1430 745 1470 785 et
1493 756 1541 786 eo
1564 757 1656 785 am-

152 815 261 869 plius
293 828 371 856 non
405 827 496 856 esse
528 813 729 867 pluuiam,
776 813 817 854 et
848 812 982 866 magis
1025 813 1089 853 est
1127 812 1251 854 idolis
1283 814 1481 863 seruiens,
1522 814 1657 867 magis

153 885 217 925 est
248 884 419 937 cupiens
450 882 686 924 interficere
717 881 896 923 Heliam.
961 880 1079 922 audit
1112 880 1179 922 dei
1208 882 1411 934 propheta
1432 894 1501 923 ore
1524 882 1656 924 sacri-

151 952 236 1006 legi
267 952 433 994 Achab:
465 952 504 992 si
535 955 579 991 tu
610 963 653 992 es
682 951 783 1003 ipse,
816 950 889 1003 qui
921 950 1075 990 mertis
1105 949 1279 991 Israel?
1311 950 1369 991 sic
1404 951 1445 992 et
1475 951 1520 992 tu
1553 951 1658 992 dicis

103 1032 134 1057 ιο
153 1020 383 1062 Athanasio
425 1019 493 1061 uel
524 1019 656 1067 nobis,
690 1018 801 1072 quod
834 1017 943 1059 enim
975 1030 1050 1059 nos
1082 1031 1225 1059 sumus
1246 1019 1459 1060 uertentes
1492 1019 1558 1060 dei
1579 1032 1657 1073 po—

152 1088 310 1142 pulum,
345 1101 440 1130 cum
470 1089 518 1129 tu
541 1088 597 1128 sis
620 1086 672 1128 ad
694 1088 812 1128 tuam
838 1086 1148 1140 suscipiendam
1170 1087 1376 1128 haeresim
1400 1087 1658 1130 Christianos

154 1169 403 1199 conuocans.
469 1156 543 1198 sed
575 1154 697 1197 audis
730 1168 753 1196 a
784 1155 902 1197 nobis
941 1168 1048 1209 quae
1083 1155 1216 1197 audiit
1246 1156 1390 1198 Achab
1421 1156 1492 1198 ine
1524 1156 1658 1198 cultor

152 1225 419 1268 idololatriae
454 1226 504 1267 ab
533 1225 659 1267 Helia
679 1225 884 1279 glorioso:
916 1239 1004 1267 non
1035 1238 1112 1267 nos
1140 1227 1367 1266 euertimus
1387 1226 1455 1266 dei
1476 1227 1657 1270 domum.

152 1295 223 1336 sed
253 1296 405 1336 euertc's
436 1299 481 1336 tu
513 1298 549 1336 et
579 1294 727 1335 domus
752 1295 895 1347 patris
926 1295 1002 1336 tut.
1037 1295 1109 1335 aut
1140 1293 1312 1348 negabis
1343 1294 1445 1336 nihil
1464 1294 1507 1336 te
1539 1295 1658 1348 cogi-

104 1372 136 1398 15
152 1364 257 1412 tare,
291 1363 368 1404 nisi
401 1364 447 1404 ut
479 1375 622 1406 omnes
654 1375 728 1405 nos
760 1364 1027 1417 coapostatas
1059 1362 1217 1404 efficias
1247 1363 1370 1405 tuos?

210 1430 346 1473 XVII.
381 1431 465 1474 Sed
497 1433 544 1473 ut
565 1444 787 1486 coeperam
819 1431 870 1473 de
891 1431 1040 1474 Heliae
1074 1433 1116 1474 et
1136 1431 1282 1473 Achab
1305 1431 1444 1473 dicere
1472 1433 1657 1475 actibus:

155 1503 194 1542 et
222 1500 332 1542 dixit
363 1500 539 1542 Helias.-
569 1514 640 1555 eqo
672 1514 758 1542 non
788 1503 906 1542 uerto
938 1500 1094 1549 Israel,
1128 1500 1200 1542 sed
1219 1500 1372 1542 euertis
1393 1503 1438 1542 tu
1458 1503 1498 1542 et
1515 1502 1660 1543 domus

146 1570 293 1622 patris
322 1570 398 1617 tui.
430 1569 533 1611 dum
552 1569 796 1624 relinquitis
826 1581 900 1610 uos
920 1569 1141 1611 dominum
1163 1568 1285 1610 deum
1306 1572 1496 1610 nostrum
1525 1573 1562 1611 et
1587 1571 1660 1611 itis

149 1641 246 1690 post
276 1637 411 1679 Baal.
465 1641 503 1679 et
543 1651 659 1679 nune
689 1637 805 1678 mitte
844 1640 883 1678 et
911 1650 1115 1691 eonqreqa
1146 1636 1203 1677 ad
1233 1650 1297 1678 me
1326 1650 1488 1680 omnem
1518 1638 1659 1681 Israel

103 1726 136 1751 »ο
159 1707 203 1748 tn
241 1709 419 1748 montem
459 1705 645 1748 Carmeli
684 1708 723 1747 et
754 1705 982 1759 prophetas
1021 1706 1284 1758 confusionis
1329 1707 1660 1762 quadrinqentos

157 1775 473 1828 quinquaqinta
512 1778 550 1816 et
582 1774 814 1827 prophetas
854 1774 1044 1815 lucorum
1089 1774 1442 1829 quadrinqentos‚
1483 1776 1659 1817 mandu-

157 1846 300 1884 cantes
329 1847 366 1884 et
397 1843 578 1885 bibentes
608 1843 658 1884 in
689 1856 833 1884 mensa
865 1843 1045 1886 Iezabel.
1104 1846 1143 1885 et
1180 1844 1299 1885 misit
1325 1856 1399 1885 rex
1428 1844 1575 1886 Achab
1606 1846 1662 1886 ad

156 1924 318 1953 omnem
339 1911 482 1954 Israel
514 1915 552 1954 et
579 1911 742 1965 colleqit
772 1924 914 1953 omnes
935 1911 1167 1966 prophetas
1188 1912 1236 1952 in
1258 1915 1439 1953 montem
1462 1912 1659 1956 Carmeli.

157 1982 195 2022 et
225 1981 397 2022 accessit
428 1980 581 2022 Helias
611 1980 667 2022 ad
698 1993 839 2022 omnes
869 1984 907 2022 et
926 1981 1038 2022 dixit
1058 1981 1138 2022 eis:
1169 1993 1377 2034 usquequo
1398 1994 1474 2022 uos
1495 1982 1660 2023 claudi—

106 2067 139 2092 85
158 2049 265 2090 eatis
296 2062 421 2091 sensu
451 2050 624 2091 uestro?
682 2050 721 2091 si
751 2053 813 2091 est
840 2050 1038 2091 dominus
1067 2050 1181 2101 deus,
1209 2051 1264 2091 ite
1286 2052 1383 2102 post
1413 2050 1564 2103 ipsum.
1621 2051 1658 2091 si

158 2119 301 2158 autem
332 2116 452 2158 Baal
483 2119 555 2170 est,
588 2118 642 2158 ite
665 2120 768 2170 post
797 2117 934 2159 illum.
967 2120 1005 2159 et
1035 2131 1124 2159 non
1153 2118 1368 2170 respondit
1387 2118 1457 2159 illi
1474 2119 1660 2171 populus

158 2185 341 2226 uerbum.
373 2187 411 2225 et
431 2185 541 2226 discit
563 2184 713 2226 Helias
734 2185 791 2226 ad
805 2185 1012 2238 populum
1034 2186 1199 2228 dicens:
1230 2199 1300 2240 eqo
1321 2187 1526 2239 superant
1547 2186 1660 2227 solus

152 2252 458 2305 prophetarum
487 2253 650 2294 domini
680 2266 805 2303 unus,
838 2257 876 2295 et
898 2252 1132 2307 prophetae
1162 2253 1290 2296 huius
1314 2255 1435 2296 Baal
1456 2256 1659 2308 quadrin-

156 2321 271 2374 qenti
302 2321 617 2375 quinquaqinta
647 2321 738 2362 uiri
775 2325 810 2362 et
834 2321 1070 2374 prophetae
1109 2320 1297 2363 lucorum
1338 2322 1662 2376 quadrinqentz';

107 2389 309 2432 sedentur
339 2402 433 2443 erqo
468 2389 583 2430 nobis
612 2389 693 2430 duo
723 2389 856 2442 boues,
895 2393 932 2431 et
962 2389 1124 2444 eliqant
1152 2390 1234 2431 sibi
1265 2390 1331 2431 'illc'
1362 2404 1495 2431 unum
1528 2394 1565 2431 et
1595 2391 1661 2432 de-

159 2457 395 2505 membrent,
427 2461 464 2499 et
495 2458 709 2510 inponant
739 2471 832 2499 eum
863 2472 989 2511 super
1019 2458 1184 2512 liqnum
1214 2462 1252 2500 et
1285 2460 1421 2512 iqnem
1449 2472 1536 2499 non
1567 2459 1660 2500 sub-

296 2627 317 2660 2
342 2626 390 2660 ΠΙ
417 2627 499 2671 Reg.
528 2628 580 2667 17,
610 2629 625 2661 1
722 2630 742 2661 9
769 2628 814 2662 ib.
842 2628 895 2665 18,
924 2629 965 2662 17
1063 2630 1103 2663 17
1130 2629 1175 2663 ib.
1204 2630 1256 2669 18,
1286 2630 1419 2664 18—46

232 2775 254 2808 4
279 2785 419 2810 uaecors
543 2787 661 2810 uerum
688 2789 705 2810 ιὟ
828 2778 848 2810 6
875 2777 984 2821 achap
1010 2789 1054 2811 m.
1080 2781 1099 2811 1
1227 2778 1269 2812 12
1294 2778 1403 2823 acaph
1523 2779 1564 2812 13
1590 2778 1660 2812 ido-

162 2832 287 2867 latriae
428 2834 468 2867 15
494 2836 743 2878 quoapostatas
775 2845 819 2868 m.
847 2838 864 2867 1
1005 2834 1047 2868 18
1079 2835 1144 2869 ites
1171 2846 1214 2869 m.
1240 2839 1258 2870 1
1401 2836 1442 2869 19
1468 2835 1573 2869 bahal

163 2889 208 2923 22
234 2888 373 2922 zezabel
467 2891 510 2924 ‘28
536 2901 623 2925 unus
650 2892 834 2935 espunaeit
862 2891 1042 2925 Latinius
