1934 3278
337 261 419 304 138
937 258 1250 294 Commodiani

423 388 518 430 Non
554 387 633 429 erit
663 388 878 441 acceptum
911 387 1015 428 mihi
1047 386 1295 428 sacrificium
1328 388 1530 439 uestrum,

425 457 504 500 Sed
536 457 577 498 in
613 457 727 498 omni
758 457 849 498 loco
880 456 1061 497 offerunt
1092 468 1182 498 meo
1215 456 1371 497 nomini
1401 455 1559 509 gentes,

340 537 416 570 (³45)
428 526 552 579 Apud
584 538 684 579 quos
718 525 917 566 eximium
949 537 1099 566 nomen
1131 538 1270 566 meum
1303 524 1608 578 magnificatur,

336 607 405 638 350
427 595 509 648 Qui
541 595 629 637 sine
662 607 804 637 cruore
837 594 1018 636 offerunt
1049 607 1139 636 meo
1171 593 1331 636 nomini
1362 594 1527 635 munde.

422 664 533 706 Nam
565 664 647 706 fuit
678 665 712 706 is
745 665 836 718 ipse
868 665 1053 713 humilis,
1086 665 1221 706 latens
1255 664 1422 706 nomine
1455 675 1623 717 magno,

425 732 505 784 Qui
539 735 587 775 de
614 735 747 775 semet
777 735 866 788 ipso
897 747 969 787 per
1002 747 1072 776 ora
1103 734 1343 788 prophetica
1374 733 1546 775 clamat:

426 803 660 846 Contumax
691 816 770 845 non
802 817 905 856 sum,
940 805 1013 854 ait,
1046 817 1178 857 neque
1211 803 1444 845 contradico
1476 801 1654 852 nocenti,

339 872 605 916 ‹zwinorsum
637 885 797 926 quoque
828 886 968 914 meum
1000 874 1118 926 posui
1151 874 1202 915 ad
1233 873 1400 926 flagella
1432 871 1685 913 caedendum

341 953 409 985 355
431 943 707 996 Maxillasque
740 955 853 984 meas
885 943 1038 996 palmis
1071 942 1273 984 feriendas
1305 943 1458 996 iniquis

426 1012 610 1054 Praebui
643 1025 717 1054 nec
750 1012 901 1054 faciem
934 1012 1068 1053 auerti
1101 1012 1235 1066 sputis
1267 1025 1424 1054 eorum.

427 1080 620 1123 Stultitia
650 1082 781 1124 subiit
813 1082 971 1133 multis,
1002 1081 1138 1123 Deum
1171 1083 1275 1123 talia
1306 1094 1490 1135 passum,

424 1149 486 1193 Vt
517 1151 761 1192 enuntietur
791 1151 1008 1194 crucifixus
1041 1151 1227 1194 conditor
1259 1152 1379 1194 orbis.

344 1231 419 1264 (355)
432 1220 498 1262 Sic
530 1220 594 1262 illi
627 1220 867 1273 conplacuit
898 1221 1117 1262 consilium
1149 1221 1329 1263 neminis
1362 1234 1435 1264 uso
1466 1247 1523 1251 —

341 1300 410 1331 360
432 1289 522 1331 Nec
555 1290 665 1332 alius
698 1291 863 1343 poterat
894 1315 949 1320 —-
980 1290 1125 1332 taliter
1157 1291 1298 1333 uenire
1328 1304 1402 1346 pro
1434 1291 1566 1334 nobis

431 1360 612 1402 Mortem
645 1359 878 1409 adinuenit,
912 1372 1007 1401 cum
1039 1363 1150 1402 esset
1181 1360 1365 1412 inuidus,
1400 1361 1548 1411 hostis,

434 1428 570 1481 Quam
603 1428 736 1471 ebibit
768 1429 971 1471 Dominus
1002 1441 1161 1484 passus,
1195 1442 1241 1470 ex
1274 1429 1433 1471 inferno
1466 1442 1699 1484 resurgens.

431 1499 592 1540 Idcirco
624 1510 698 1540 nec
729 1497 864 1540 uoluit
895 1511 938 1540 se
969 1498 1251 1552 manifestare,
1286 1499 1386 1552 quid
1419 1501 1540 1550 esset,

345 1578 418 1610 (360)
432 1567 511 1610 Sed
542 1567 678 1609 filium
712 1567 819 1609 dixit
850 1581 892 1609 se
924 1567 1101 1609 missum
1134 1567 1262 1610 fuisse
1295 1581 1318 1609 a
1349 1570 1478 1622 patre.

343 1648 411 1679 365
436 1636 504 1679 Sic
535 1638 626 1690 ipse
658 1637 891 1679 tradiderat
922 1640 1055 1678 semet
1087 1637 1228 1691 ipsum
1260 1638 1342 1679 dici
1376 1638 1596 1691 propheti&

432 1706 490 1748 Vt
522 1707 633 1748 Deus
666 1706 709 1747 in
742 1707 865 1747 terris
897 1707 1112 1748 Altissimi
1144 1707 1255 1748 filius
1289 1710 1412 1749 esset.

481 1903 547 1938 353
566 1913 642 1946 sqq.
661 1902 754 1938 Esai.
774 1903 827 1942 50,
855 1903 875 1936 5
894 1913 943 1946 sq.
965 1902 1085 1947 (Cypr.
1107 1914 1139 1947 p.
1159 1903 1213 1945 78,
1231 1903 1252 1937 3
1270 1902 1331 1947 H.)
1427 1902 1493 1936 359
1519 1902 1620 1936 Rom.
1650 1902 1701 1942 11,
1720 1901 1765 1935 34

343 1960 409 1995 361
440 1960 521 2005 Sap.
550 1962 581 2003 2,
608 1960 652 1994 ⁶24
793 1960 865 1995 362-
885 1961 903 1995 Ι
929 1961 1006 1995 Cor.
1043 1961 1094 2003 15,
1121 1961 1183 2003 543
1222 1960 1306 1994 Hos.
1343 1961 1395 2001 13,
1433 1960 1492 2002 143
1533 1960 1625 1994 Esai.
1658 1959 1713 2001 25,
1743 1959 1764 1992 8

341 2017 409 2052 360
435 2017 519 2055 Luc.
545 2018 574 2060 1,
601 2019 645 2053 32

412 2190 480 2225 348
506 2194 540 2224 et
565 2189 633 2225 350
657 2190 793 2223 nomini
821 2190 898 2224 P¹v
924 2190 1032 2231 (idem
1063 2189 1169 2233 Cypr.
1197 2193 1276 2224 test.
1303 2190 1330 2224 Ι
1350 2193 1395 2225 16
1420 2201 1456 2234 p.
1476 2192 1530 2231 50,
1548 2193 1592 2224 11
1609 2189 1677 2229 H.;
1705 2189 1858 2225 Tertull.

343 2248 431 2283 adu.
458 2247 543 2282 Iud.
571 2250 591 2281 5
600 2261 611 2291 ;
645 2247 767 2282 Mure.
795 2250 827 2288 3,
854 2250 935 2290 22);
974 2248 1118 2282 nomine
1143 2250 1204 2290 ns,
1237 2248 1301 2283 sed
1324 2249 1449 2292 priore
1481 2249 1556 2282 loco
1582 2248 1703 2282 altera
1728 2255 1858 2283 marcus

344 2317 362 2340 e
387 2307 429 2340 ‘m
456 2306 467 2339 i
494 2306 654 2339 mutauit
795 2306 861 2340 349
887 2317 974 2350 quas
1000 2307 1047 2350 R,
1083 2307 1180 2350 quod
1205 2307 1346 2349 refutat
1371 2306 1432 2340 Lol
1457 2307 1534 2340 coll.
1560 2317 1595 2340 u.
1622 2307 1693 2340 686
1718 2305 1769 2339 al.

341 2364 409 2399 350
434 2364 528 2406 Quae
546 2364 582 2399 R
676 2366 807 2408 munde
825 2367 883 2400 M
970 2365 1033 2398 351
1063 2365 1119 2399 his
1137 2368 1195 2400 JI
1282 2364 1350 2399 352
1374 2375 1398 2410 p
1417 2364 1505 2398 hora
1521 2364 1692 2408 pphetica
1710 2366 1768 2399 M

343 2423 411 2457 356
437 2421 561 2466 prebui
588 2424 655 2464 M3
683 2422 815 2457 demde
840 2435 918 2457 una
944 2424 1066 2458 littera
1092 2434 1198 2458 erasa
1300 2422 1539 2467 sputamentis
1564 2421 1600 2456 R
1693 2422 1760 2456 359
1784 2432 1855 2466 sqq.

343 2481 547 2526 conplacuit
571 2484 654 2524 (M)
682 2482 874 2515 eonsilium
907 2507 937 2515 ..
970 2493 1031 2516 uso
1066 2482 1071 2527 l
1105 2503 1149 2506 ——
1175 2481 1248 2516 Nec
1281 2507 1310 2514 ..
1342 2483 1483 2526 poterat
1508 2500 1551 2505 —-
1584 2480 1711 2514 taliter
1736 2481 1858 2514 uenire

345 2550 408 2583 pro
434 2540 549 2575 nobis,
573 2546 576 2574 Ι
599 2540 753 2574 Mortem
784 2539 894 2574 With.
921 2541 1045 2584 Meyer
1072 2541 1150 2584 (qui
1174 2540 1267 2574 alius
1299 2539 1512 2584 yernetiuum
1546 2549 1619 2572 esse
1653 2538 1857 2581 existimat3

344 2608 407 2641 pro
441 2597 545 2631 nobis
571 2608 652 2632 cum
686 2598 807 2631 uenire
840 2608 913 2631 esse
947 2597 1245 2642 coniunyendum
1270 2600 1437 2641 apparet,
1463 2597 1495 2630 si
1520 2597 1795 2640 comparaueris
1819 2607 1856 2630 u.

344 2657 452 2698 286);
490 2656 723 2699 complacuit:
759 2655 958 2690 Consilium
991 2681 1021 2688 ..
1055 2667 1139 2690 usus
1174 2657 1273 2700 (M),
1297 2657 1365 2699 1-
1400 2654 1473 2688 Nec
1505 2679 1536 2687 ..
1568 2653 1690 2688 uenire
1722 2674 1767 2678 —
1792 2664 1856 2697 pro

345 2713 449 2747 nobis
473 2714 477 2756 1
499 2713 654 2747 Mortem
682 2724 719 2756 υς
748 2713 805 2747 Sic
838 2738 867 2746 ..
893 2714 1122 2759 complacuit,
1144 2715 1331 2749 consilium
1358 2739 1365 2746 .
1381 2739 1389 2747 .
1413 2724 1510 2754 usus,
1534 2713 1538 2755 Ι
1559 2711 1634 2746 Nec
1660 2738 1688 2744 ..
1714 2713 1857 2756 poterat

344 2771 469 2804 taliter
488 2771 608 2805 uenire
622 2782 684 2816 pro
700 2770 813 2804 nobis.
837 2771 843 2815 Ι
866 2771 1018 2805 Mortem
1034 2772 1080 2806 Ρ1
1175 2772 1239 2807 361
1261 2773 1366 2816 esset]
1381 2775 1586 2816 postremas
1604 2770 1698 2805 duas
1716 2771 1858 2804 litteras

345 2830 387 2862 in
411 2830 469 2863 M
487 2839 532 2862 m.
559 2832 588 2862 1.
615 2830 656 2862 iot
681 2838 818 2862 rasura
835 2829 983 2872 scripsit
1072 2834 1156 2874 post
1176 2830 1321 2864 inuidus
1340 2841 1476 2864 comma
1489 2830 1620 2873 posui3
1647 2829 1692 2871 cf.
1712 2840 1748 2863 u.
1767 2830 1837 2863 152
1850 2841 1859 2868 ;

345 2890 415 2922 154
509 2887 574 2921 364
601 2889 700 2931 patre
726 2889 783 2921 M
871 2887 937 2922 :3ssss
958 2892 1042 2932 post
1069 2888 1239 2922 altissimi
1266 2889 1389 2923 littera
1414 2892 1430 2922 s
1451 2888 1490 2921 in
1517 2890 1573 2922 M
1592 2898 1697 2922 erasa
