<?xml version="1.0" encoding="UTF-8"?>
<!DOCTYPE html PUBLIC "-//W3C//DTD XHTML 1.0 Transitional//EN"
    "http://www.w3.org/TR/xhtml1/DTD/xhtml1-transitional.dtd">
<html xmlns="http://www.w3.org/1999/xhtml" xml:lang="en" lang="en">
 <head>
  <title>
</title>
<meta http-equiv="Content-Type" content="text/html;charset=utf-8" />
  <meta name='ocr-system' content='tesseract 3.04.00' />
  <meta name='ocr-capabilities' content='ocr_page ocr_carea ocr_par ocr_line ocrx_word'/>
</head>
<body>
  <div class='ocr_page' id='page_1' title='image "./corpusscriptorum14luciuoft_0255.png"; bbox 0 0 1934 3278; ppageno 0'>
   <div class='ocr_carea' id='block_1_1' title="bbox 558 240 1615 286">
    <p class='ocr_par' dir='ltr' id='par_1_1' title="bbox 558 240 1615 286">
     <span class='ocr_line' id='line_1_1' title="bbox 558 240 1615 286; baseline 0.007 -12"><span class='ocrx_word' id='word_1_1' title='bbox 558 241 611 275; x_wconf 86' lang='lat' dir='ltr'>De</span> <span class='ocrx_word' id='word_1_2' title='bbox 637 242 758 274; x_wconf 87' lang='lat' dir='ltr'>sancto</span> <span class='ocrx_word' id='word_1_3' title='bbox 784 240 979 275; x_wconf 81' lang='lat' dir='ltr'><strong>Athanasio</strong></span> <span class='ocrx_word' id='word_1_4' title='bbox 1005 240 1094 275; x_wconf 89' lang='lat' dir='ltr'>liber</span> <span class='ocrx_word' id='word_1_5' title='bbox 1117 241 1160 276; x_wconf 90' lang='grc' dir='ltr'>Π.</span> <span class='ocrx_word' id='word_1_6' title='bbox 1532 243 1615 286; x_wconf 78' lang='grc'>203</span> 
     </span>
    </p>
   </div>
   <div class='ocr_carea' id='block_1_2' title="bbox 56 366 1614 2561">
    <p class='ocr_par' dir='ltr' id='par_1_2' title="bbox 56 366 1614 2561">
     <span class='ocr_line' id='line_1_2' title="bbox 113 366 1613 421; baseline -0.001 -10"><span class='ocrx_word' id='word_1_7' title='bbox 113 370 146 412; x_wconf 90' lang='lat' dir='ltr'>si</span> <span class='ocrx_word' id='word_1_8' title='bbox 188 369 295 411; x_wconf 90' lang='lat' dir='ltr'>enim</span> <span class='ocrx_word' id='word_1_9' title='bbox 335 381 414 411; x_wconf 92' lang='lat' dir='ltr'>non</span> <span class='ocrx_word' id='word_1_10' title='bbox 453 368 500 409; x_wconf 94' lang='lat' dir='ltr'>tu</span> <span class='ocrx_word' id='word_1_11' title='bbox 540 367 733 420; x_wconf 82' lang='lat' dir='ltr'>operibus</span> <span class='ocrx_word' id='word_1_12' title='bbox 774 366 859 408; x_wconf 91' lang='lat' dir='ltr'>tuis</span> <span class='ocrx_word' id='word_1_13' title='bbox 900 367 1102 421; x_wconf 88' lang='lat' dir='ltr'>gentilem</span> <span class='ocrx_word' id='word_1_14' title='bbox 1139 368 1182 409; x_wconf 91' lang='lat' dir='ltr'>te</span> <span class='ocrx_word' id='word_1_15' title='bbox 1223 380 1316 410; x_wconf 85' lang='lat' dir='ltr'>esse</span> <span class='ocrx_word' id='word_1_16' title='bbox 1354 368 1613 419; x_wconf 87' lang='lat' dir='ltr'>manifestas,</span> 
     </span>
     <span class='ocr_line' id='line_1_3' title="bbox 110 435 1612 493; baseline -0.001 -12"><span class='ocrx_word' id='word_1_17' title='bbox 110 438 266 493; x_wconf 87' lang='lat' dir='ltr'>poteris</span> <span class='ocrx_word' id='word_1_18' title='bbox 299 437 537 487; x_wconf 81' lang='lat' dir='ltr'><strong>defendere,</strong></span> <span class='ocrx_word' id='word_1_19' title='bbox 579 436 691 490; x_wconf 91' lang='lat' dir='ltr'>quod</span> <span class='ocrx_word' id='word_1_20' title='bbox 723 435 833 478; x_wconf 89' lang='lat' dir='ltr'>enim</span> <span class='ocrx_word' id='word_1_21' title='bbox 862 448 942 477; x_wconf 93' lang='lat' dir='ltr'>non</span> <span class='ocrx_word' id='word_1_22' title='bbox 976 435 1098 490; x_wconf 83' lang='lat' dir='ltr'><strong>digne</strong></span> <span class='ocrx_word' id='word_1_23' title='bbox 1131 437 1233 478; x_wconf 89' lang='lat' dir='ltr'>haec</span> <span class='ocrx_word' id='word_1_24' title='bbox 1264 438 1307 479; x_wconf 91' lang='lat' dir='ltr'>te</span> <span class='ocrx_word' id='word_1_25' title='bbox 1339 438 1483 479; x_wconf 87' lang='lat' dir='ltr'>contra</span> <span class='ocrx_word' id='word_1_26' title='bbox 1514 451 1612 492; x_wconf 91' lang='lat' dir='ltr'>pro-</span> 
     </span>
     <span class='ocr_line' id='line_1_4' title="bbox 115 503 1613 560; baseline 0 -12"><span class='ocrx_word' id='word_1_27' title='bbox 115 507 310 549; x_wconf 72' lang='lat' dir='ltr'>ferantur.</span> <span class='ocrx_word' id='word_1_28' title='bbox 343 506 475 560; x_wconf 91' lang='lat' dir='ltr'>primo</span> <span class='ocrx_word' id='word_1_29' title='bbox 498 505 596 559; x_wconf 86' lang='lat' dir='ltr'>quia</span> <span class='ocrx_word' id='word_1_30' title='bbox 618 506 675 547; x_wconf 92' lang='lat' dir='ltr'>sis</span> <span class='ocrx_word' id='word_1_31' title='bbox 698 516 854 558; x_wconf 87' lang='lat' dir='ltr'>negans</span> <span class='ocrx_word' id='word_1_32' title='bbox 877 503 944 546; x_wconf 91' lang='lat' dir='ltr'>dei</span> <span class='ocrx_word' id='word_1_33' title='bbox 966 504 1113 555; x_wconf 85' lang='lat' dir='ltr'>filium,</span> <span class='ocrx_word' id='word_1_34' title='bbox 1145 505 1315 559; x_wconf 82' lang='lat' dir='ltr'>gentilis</span> <span class='ocrx_word' id='word_1_35' title='bbox 1338 506 1409 547; x_wconf 91' lang='lat' dir='ltr'>aut</span> <span class='ocrx_word' id='word_1_36' title='bbox 1430 506 1613 549; x_wconf 85' lang='lat' dir='ltr'>Iudaeus</span> 
     </span>
     <span class='ocr_line' id='line_1_5' title="bbox 111 573 1613 628; baseline -0.001 -10"><span class='ocrx_word' id='word_1_37' title='bbox 111 577 228 619; x_wconf 90' lang='lat' dir='ltr'>nobis</span> <span class='ocrx_word' id='word_1_38' title='bbox 261 589 327 624; x_wconf 81' lang='lat' dir='ltr'>es3</span> <span class='ocrx_word' id='word_1_39' title='bbox 371 574 521 617; x_wconf 90' lang='lat' dir='ltr'>deinde</span> <span class='ocrx_word' id='word_1_40' title='bbox 553 587 649 616; x_wconf 92' lang='lat' dir='ltr'>cum</span> <span class='ocrx_word' id='word_1_41' title='bbox 680 573 904 628; x_wconf 84' lang='lat' dir='ltr'>proscribis</span> <span class='ocrx_word' id='word_1_42' title='bbox 936 573 1132 627; x_wconf 76' lang='lat' dir='ltr'>deportas</span> <span class='ocrx_word' id='word_1_43' title='bbox 1171 575 1341 628; x_wconf 78' lang='lat' dir='ltr'>torques</span> <span class='ocrx_word' id='word_1_44' title='bbox 1379 574 1497 617; x_wconf 85' lang='lat' dir='ltr'>falsis</span> <span class='ocrx_word' id='word_1_45' title='bbox 1529 576 1613 617; x_wconf 90' lang='lat' dir='ltr'>cri-</span> 
     </span>
     <span class='ocr_line' id='line_1_6' title="bbox 75 642 1613 696; baseline -0.001 -9"><span class='ocrx_word' id='word_1_46' title='bbox 75 664 91 689; x_wconf 72' lang='grc'><strong>5</strong></span> <span class='ocrx_word' id='word_1_47' title='bbox 109 645 289 686; x_wconf 87' lang='lat' dir='ltr'>minibus</span> <span class='ocrx_word' id='word_1_48' title='bbox 306 644 547 686; x_wconf 89' lang='lat' dir='ltr'>innocentes</span> <span class='ocrx_word' id='word_1_49' title='bbox 570 656 716 686; x_wconf 89' lang='lat' dir='ltr'>oneras</span> <span class='ocrx_word' id='word_1_50' title='bbox 738 643 952 693; x_wconf 88' lang='lat' dir='ltr'>interficis,</span> <span class='ocrx_word' id='word_1_51' title='bbox 976 655 1054 685; x_wconf 92' lang='lat' dir='ltr'>non</span> <span class='ocrx_word' id='word_1_52' title='bbox 1071 642 1247 684; x_wconf 90' lang='lat' dir='ltr'>inueniri</span> <span class='ocrx_word' id='word_1_53' title='bbox 1263 643 1420 696; x_wconf 86' lang='lat' dir='ltr'>poteris</span> <span class='ocrx_word' id='word_1_54' title='bbox 1439 644 1613 687; x_wconf 88' lang='lat' dir='ltr'>Christi-</span> 
     </span>
     <span class='ocr_line' id='line_1_7' title="bbox 110 710 1613 767; baseline -0.001 -11"><span class='ocrx_word' id='word_1_55' title='bbox 110 726 211 756; x_wconf 87' lang='lat' dir='ltr'>anus</span> <span class='ocrx_word' id='word_1_56' title='bbox 244 714 313 767; x_wconf 91' lang='lat' dir='ltr'>qui</span> <span class='ocrx_word' id='word_1_57' title='bbox 343 726 418 766; x_wconf 89' lang='lat' dir='ltr'>per</span> <span class='ocrx_word' id='word_1_58' title='bbox 447 713 560 754; x_wconf 88' lang='lat' dir='ltr'>uiam</span> <span class='ocrx_word' id='word_1_59' title='bbox 586 724 704 753; x_wconf 91' lang='lat' dir='ltr'>suam</span> <span class='ocrx_word' id='word_1_60' title='bbox 738 710 804 753; x_wconf 93' lang='lat' dir='ltr'>dei</span> <span class='ocrx_word' id='word_1_61' title='bbox 831 723 922 753; x_wconf 90' lang='lat' dir='ltr'>esse</span> <span class='ocrx_word' id='word_1_62' title='bbox 953 711 1076 753; x_wconf 91' lang='lat' dir='ltr'>homo</span> <span class='ocrx_word' id='word_1_63' title='bbox 1107 713 1398 765; x_wconf 75' lang='lat' dir='ltr'>cognoscatur,</span> <span class='ocrx_word' id='word_1_64' title='bbox 1431 712 1505 754; x_wconf 88' lang='lat' dir='ltr'>sed</span> <span class='ocrx_word' id='word_1_65' title='bbox 1527 713 1613 754; x_wconf 88' lang='lat' dir='ltr'>uti-</span> 
     </span>
     <span class='ocr_line' id='line_1_8' title="bbox 111 780 1612 837; baseline -0.001 -12"><span class='ocrx_word' id='word_1_66' title='bbox 111 796 190 837; x_wconf 91' lang='lat' dir='ltr'>que</span> <span class='ocrx_word' id='word_1_67' title='bbox 223 795 330 824; x_wconf 91' lang='lat' dir='ltr'>unus</span> <span class='ocrx_word' id='word_1_68' title='bbox 362 782 414 824; x_wconf 93' lang='lat' dir='ltr'>de</span> <span class='ocrx_word' id='word_1_69' title='bbox 445 781 543 831; x_wconf 86' lang='lat' dir='ltr'>illis,</span> <span class='ocrx_word' id='word_1_70' title='bbox 576 781 627 823; x_wconf 93' lang='lat' dir='ltr'>de</span> <span class='ocrx_word' id='word_1_71' title='bbox 660 781 809 835; x_wconf 91' lang='lat' dir='ltr'>quibus</span> <span class='ocrx_word' id='word_1_72' title='bbox 839 794 912 834; x_wconf 88' lang='lat' dir='ltr'>per</span> <span class='ocrx_word' id='word_1_73' title='bbox 939 781 1172 834; x_wconf 88' lang='lat' dir='ltr'>apostolum</span> <span class='ocrx_word' id='word_1_74' title='bbox 1196 780 1299 822; x_wconf 85' lang='lat' dir='ltr'>dicit</span> <span class='ocrx_word' id='word_1_75' title='bbox 1330 780 1397 823; x_wconf 91' lang='lat' dir='ltr'>dei</span> <span class='ocrx_word' id='word_1_76' title='bbox 1429 781 1612 835; x_wconf 87' lang='lat' dir='ltr'>spiritus,</span> 
     </span>
     <span class='ocr_line' id='line_1_9' title="bbox 111 849 1614 905; baseline -0.001 -12"><span class='ocrx_word' id='word_1_77' title='bbox 111 850 221 905; x_wconf 90' lang='lat' dir='ltr'>quod</span> <span class='ocrx_word' id='word_1_78' title='bbox 253 850 362 892; x_wconf 89' lang='lat' dir='ltr'>enim</span> <span class='ocrx_word' id='word_1_79' title='bbox 394 850 476 891; x_wconf 87' lang='lat' dir='ltr'>sint</span> <span class='ocrx_word' id='word_1_80' title='bbox 514 850 563 891; x_wconf 87' lang='lat' dir='ltr'>in</span> <span class='ocrx_word' id='word_1_81' title='bbox 592 849 786 891; x_wconf 85' lang='lat' dir='ltr'>uanitate</span> <span class='ocrx_word' id='word_1_82' title='bbox 827 850 979 891; x_wconf 88' lang='lat' dir='ltr'>mentis</span> <span class='ocrx_word' id='word_1_83' title='bbox 1016 862 1130 900; x_wconf 86' lang='lat' dir='ltr'>suae,</span> <span class='ocrx_word' id='word_1_84' title='bbox 1170 850 1394 903; x_wconf 74' lang='lat' dir='ltr'>insensati,</span> <span class='ocrx_word' id='word_1_85' title='bbox 1435 851 1614 893; x_wconf 86' lang='lat' dir='ltr'>alienati</span> 
     </span>
     <span class='ocr_line' id='line_1_10' title="bbox 109 918 1611 973; baseline -0.001 -11"><span class='ocrx_word' id='word_1_86' title='bbox 109 934 137 962; x_wconf 90' lang='lat' dir='ltr'>a</span> <span class='ocrx_word' id='word_1_87' title='bbox 166 920 259 962; x_wconf 81' lang='lat' dir='ltr'>uita</span> <span class='ocrx_word' id='word_1_88' title='bbox 289 919 358 961; x_wconf 85' lang='lat' dir='ltr'>dei</span> <span class='ocrx_word' id='word_1_89' title='bbox 380 933 463 972; x_wconf 84' lang='lat' dir='ltr'>per</span> <span class='ocrx_word' id='word_1_90' title='bbox 493 918 737 961; x_wconf 86' lang='lat' dir='ltr'>caecitatem</span> <span class='ocrx_word' id='word_1_91' title='bbox 768 918 904 960; x_wconf 86' lang='lat' dir='ltr'>cordis</span> <span class='ocrx_word' id='word_1_92' title='bbox 935 918 1137 971; x_wconf 86' lang='lat' dir='ltr'>ipsorum.</span> <span class='ocrx_word' id='word_1_93' title='bbox 1188 918 1354 971; x_wconf 90' lang='lat' dir='ltr'>quando</span> <span class='ocrx_word' id='word_1_94' title='bbox 1387 931 1485 973; x_wconf 89' lang='lat' dir='ltr'>ergo</span> <span class='ocrx_word' id='word_1_95' title='bbox 1507 920 1611 961; x_wconf 89' lang='lat' dir='ltr'>haec</span> 
     </span>
     <span class='ocr_line' id='line_1_11' title="bbox 58 986 1612 1042; baseline 0 -12"><span class='ocrx_word' id='word_1_96' title='bbox 58 1004 90 1030; x_wconf 85' lang='lat'>10</span> <span class='ocrx_word' id='word_1_97' title='bbox 108 988 269 1031; x_wconf 89' lang='lat' dir='ltr'>caecati</span> <span class='ocrx_word' id='word_1_98' title='bbox 300 1000 446 1042; x_wconf 88' lang='lat' dir='ltr'>gerere</span> <span class='ocrx_word' id='word_1_99' title='bbox 478 986 603 1029; x_wconf 91' lang='lat' dir='ltr'>corde</span> <span class='ocrx_word' id='word_1_100' title='bbox 624 999 728 1029; x_wconf 90' lang='lat' dir='ltr'>uoce</span> <span class='ocrx_word' id='word_1_101' title='bbox 752 986 929 1040; x_wconf 90' lang='lat' dir='ltr'>apostoli</span> <span class='ocrx_word' id='word_1_102' title='bbox 950 986 1268 1028; x_wconf 82' lang='lat' dir='ltr'>manifestentur</span> <span class='ocrx_word' id='word_1_103' title='bbox 1291 999 1397 1041; x_wconf 89' lang='lat' dir='ltr'>quae</span> <span class='ocrx_word' id='word_1_104' title='bbox 1418 989 1465 1029; x_wconf 91' lang='lat' dir='ltr'>tu</span> <span class='ocrx_word' id='word_1_105' title='bbox 1486 989 1612 1042; x_wconf 88' lang='lat' dir='ltr'>geris,</span> 
     </span>
     <span class='ocr_line' id='line_1_12' title="bbox 109 1055 1614 1111; baseline 0 -12"><span class='ocrx_word' id='word_1_106' title='bbox 109 1069 191 1111; x_wconf 85' lang='lat' dir='ltr'>qua</span> <span class='ocrx_word' id='word_1_107' title='bbox 221 1057 354 1099; x_wconf 70' lang='lat' dir='ltr'>fronte</span> <span class='ocrx_word' id='word_1_108' title='bbox 388 1055 518 1097; x_wconf 89' lang='lat' dir='ltr'>audes</span> <span class='ocrx_word' id='word_1_109' title='bbox 550 1056 662 1098; x_wconf 88' lang='lat' dir='ltr'>sanis</span> <span class='ocrx_word' id='word_1_110' title='bbox 684 1056 810 1098; x_wconf 91' lang='lat' dir='ltr'>corde</span> <span class='ocrx_word' id='word_1_111' title='bbox 834 1068 881 1097; x_wconf 89' lang='lat' dir='ltr'>ac</span> <span class='ocrx_word' id='word_1_112' title='bbox 902 1055 1042 1097; x_wconf 88' lang='lat' dir='ltr'>mente</span> <span class='ocrx_word' id='word_1_113' title='bbox 1066 1055 1227 1097; x_wconf 89' lang='lat' dir='ltr'>dicere:</span> <span class='ocrx_word' id='word_1_114' title='bbox 1260 1058 1448 1111; x_wconf 85' lang='lat' dir='ltr'>errastis,</span> <span class='ocrx_word' id='word_1_115' title='bbox 1485 1057 1614 1099; x_wconf 82' lang='lat' dir='ltr'>fallax</span> 
     </span>
     <span class='ocr_line' id='line_1_13' title="bbox 108 1125 1609 1178; baseline 0 -11"><span class='ocrx_word' id='word_1_116' title='bbox 108 1126 351 1168; x_wconf 89' lang='lat' dir='ltr'>ueracibus:</span> <span class='ocrx_word' id='word_1_117' title='bbox 384 1125 601 1168; x_wconf 80' lang='lat' dir='ltr'>mendaces</span> <span class='ocrx_word' id='word_1_118' title='bbox 630 1126 765 1167; x_wconf 74' lang='lat' dir='ltr'>estis?</span> <span class='ocrx_word' id='word_1_119' title='bbox 798 1125 1024 1178; x_wconf 83' lang='lat' dir='ltr'>apostolus,</span> <span class='ocrx_word' id='word_1_120' title='bbox 1056 1126 1163 1167; x_wconf 83' lang='lat' dir='ltr'>sicut</span> <span class='ocrx_word' id='word_1_121' title='bbox 1194 1128 1251 1166; x_wconf 86' lang='lat' dir='ltr'>est</span> <span class='ocrx_word' id='word_1_122' title='bbox 1281 1126 1458 1175; x_wconf 83' lang='lat' dir='ltr'>ueritas,</span> <span class='ocrx_word' id='word_1_123' title='bbox 1494 1125 1609 1177; x_wconf 86' lang='lat' dir='ltr'>dicit,</span> 
     </span>
     <span class='ocr_line' id='line_1_14' title="bbox 105 1194 1611 1249; baseline -0.001 -13"><span class='ocrx_word' id='word_1_124' title='bbox 105 1196 122 1236; x_wconf 83' lang='lat' dir='ltr'>i</span> <span class='ocrx_word' id='word_1_125' title='bbox 127 1209 154 1236; x_wconf 83' lang='grc' dir='ltr'><strong><em>η</em></strong></span> <span class='ocrx_word' id='word_1_126' title='bbox 170 1195 282 1248; x_wconf 87' lang='lat' dir='ltr'>Iesu,</span> <span class='ocrx_word' id='word_1_127' title='bbox 299 1196 544 1249; x_wconf 77' lang='lat' dir='ltr'>deponentes</span> <span class='ocrx_word' id='word_1_128' title='bbox 560 1194 788 1237; x_wconf 83' lang='lat' dir='ltr'>secundum</span> <span class='ocrx_word' id='word_1_129' title='bbox 797 1194 1036 1247; x_wconf 75' lang='lat' dir='ltr'>pristinam</span> <span class='ocrx_word' id='word_1_130' title='bbox 1053 1194 1415 1236; x_wconf 82' lang='lat' dir='ltr'>conuersationem</span> <span class='ocrx_word' id='word_1_131' title='bbox 1431 1197 1611 1237; x_wconf 86' lang='lat' dir='ltr'>ueterem</span> 
     </span>
     <span class='ocr_line' id='line_1_15' title="bbox 108 1263 1611 1318; baseline 0 -14"><span class='ocrx_word' id='word_1_132' title='bbox 108 1264 314 1305; x_wconf 71' lang='lat' dir='ltr'>hominem</span> <span class='ocrx_word' id='word_1_133' title='bbox 352 1278 469 1318; x_wconf 86' lang='lat' dir='ltr'>eum,</span> <span class='ocrx_word' id='word_1_134' title='bbox 516 1263 590 1316; x_wconf 87' lang='lat' dir='ltr'>qui</span> <span class='ocrx_word' id='word_1_135' title='bbox 630 1264 918 1317; x_wconf 78' lang='lat' dir='ltr'>corrumpitur</span> <span class='ocrx_word' id='word_1_136' title='bbox 957 1263 1186 1305; x_wconf 79' lang='lat' dir='ltr'>secundum</span> <span class='ocrx_word' id='word_1_137' title='bbox 1227 1264 1611 1316; x_wconf 83' lang='lat' dir='ltr'>concupiscentiam</span> 
     </span>
     <span class='ocr_line' id='line_1_16' title="bbox 58 1333 1612 1386; baseline 0.001 -12"><span class='ocrx_word' id='word_1_138' title='bbox 58 1345 88 1370; x_wconf 86' lang='lat'>1⁵</span> <span class='ocrx_word' id='word_1_139' title='bbox 107 1333 277 1375; x_wconf 68' lang='lat' dir='ltr'>erroris.</span> <span class='ocrx_word' id='word_1_140' title='bbox 337 1333 607 1374; x_wconf 77' lang='lat' dir='ltr'>renouamini</span> <span class='ocrx_word' id='word_1_141' title='bbox 645 1335 787 1374; x_wconf 84' lang='lat' dir='ltr'>autem</span> <span class='ocrx_word' id='word_1_142' title='bbox 826 1333 985 1386; x_wconf 80' lang='lat' dir='ltr'>spiritu</span> <span class='ocrx_word' id='word_1_143' title='bbox 1021 1345 1170 1375; x_wconf 87' lang='lat' dir='ltr'>sensus</span> <span class='ocrx_word' id='word_1_144' title='bbox 1208 1333 1341 1375; x_wconf 85' lang='lat' dir='ltr'>uestri</span> <span class='ocrx_word' id='word_1_145' title='bbox 1378 1335 1415 1374; x_wconf 88' lang='lat' dir='ltr'>et</span> <span class='ocrx_word' id='word_1_146' title='bbox 1448 1333 1612 1375; x_wconf 85' lang='lat' dir='ltr'>indu-ite</span> 
     </span>
     <span class='ocr_line' id='line_1_17' title="bbox 107 1400 1611 1455; baseline 0.001 -13"><span class='ocrx_word' id='word_1_147' title='bbox 107 1415 266 1443; x_wconf 84' lang='lat' dir='ltr'>nouum</span> <span class='ocrx_word' id='word_1_148' title='bbox 295 1400 516 1451; x_wconf 80' lang='lat' dir='ltr'>hominem,</span> <span class='ocrx_word' id='word_1_149' title='bbox 549 1401 623 1455; x_wconf 80' lang='lat' dir='ltr'>qui</span> <span class='ocrx_word' id='word_1_150' title='bbox 651 1402 883 1443; x_wconf 83' lang='lat' dir='ltr'>secundum</span> <span class='ocrx_word' id='word_1_151' title='bbox 912 1403 1035 1444; x_wconf 88' lang='lat' dir='ltr'>deum</span> <span class='ocrx_word' id='word_1_152' title='bbox 1066 1404 1230 1444; x_wconf 82' lang='lat' dir='ltr'>creatus</span> <span class='ocrx_word' id='word_1_153' title='bbox 1251 1404 1308 1443; x_wconf 87' lang='lat' dir='ltr'>est</span> <span class='ocrx_word' id='word_1_154' title='bbox 1330 1402 1380 1442; x_wconf 89' lang='lat' dir='ltr'>in</span> <span class='ocrx_word' id='word_1_155' title='bbox 1399 1402 1611 1443; x_wconf 85' lang='lat' dir='ltr'>iustitiam</span> 
     </span>
     <span class='ocr_line' id='line_1_18' title="bbox 106 1470 1611 1524; baseline 0.001 -13"><span class='ocrx_word' id='word_1_156' title='bbox 106 1475 142 1511; x_wconf 85' lang='lat' dir='ltr'>et</span> <span class='ocrx_word' id='word_1_157' title='bbox 172 1470 442 1512; x_wconf 81' lang='lat' dir='ltr'>sanctitatem</span> <span class='ocrx_word' id='word_1_158' title='bbox 472 1473 511 1513; x_wconf 84' lang='lat' dir='ltr'>et</span> <span class='ocrx_word' id='word_1_159' title='bbox 540 1470 776 1513; x_wconf 84' lang='lat' dir='ltr'>ueritatem.</span> <span class='ocrx_word' id='word_1_160' title='bbox 807 1471 1056 1524; x_wconf 85' lang='lat' dir='ltr'>deponentes</span> <span class='ocrx_word' id='word_1_161' title='bbox 1085 1471 1352 1513; x_wconf 79' lang='lat' dir='ltr'>mendacium</span> <span class='ocrx_word' id='word_1_162' title='bbox 1384 1471 1611 1524; x_wconf 80' lang='lat' dir='ltr'>loquimini</span> 
     </span>
     <span class='ocr_line' id='line_1_19' title="bbox 108 1540 1610 1594; baseline 0.001 -13"><span class='ocrx_word' id='word_1_163' title='bbox 108 1540 326 1581; x_wconf 85' lang='lat' dir='ltr'>ueritatem</span> <span class='ocrx_word' id='word_1_164' title='bbox 357 1540 645 1593; x_wconf 81' lang='lat' dir='ltr'>unusquisque</span> <span class='ocrx_word' id='word_1_165' title='bbox 675 1541 732 1582; x_wconf 91' lang='lat' dir='ltr'>ad</span> <span class='ocrx_word' id='word_1_166' title='bbox 757 1540 1004 1593; x_wconf 80' lang='lat' dir='ltr'>proximum</span> <span class='ocrx_word' id='word_1_167' title='bbox 1033 1554 1168 1582; x_wconf 83' lang='lat' dir='ltr'>suum.</span> <span class='ocrx_word' id='word_1_168' title='bbox 1202 1540 1273 1582; x_wconf 91' lang='lat' dir='ltr'>ubi</span> <span class='ocrx_word' id='word_1_169' title='bbox 1295 1541 1397 1581; x_wconf 88' lang='lat' dir='ltr'>haec</span> <span class='ocrx_word' id='word_1_170' title='bbox 1420 1541 1610 1594; x_wconf 90' lang='lat' dir='ltr'>praeter-</span> 
     </span>
     <span class='ocr_line' id='line_1_20' title="bbox 108 1609 1611 1664; baseline 0.001 -14"><span class='ocrx_word' id='word_1_171' title='bbox 108 1609 261 1652; x_wconf 76' lang='lat' dir='ltr'>misisti</span> <span class='ocrx_word' id='word_1_172' title='bbox 306 1609 465 1651; x_wconf 90' lang='lat' dir='ltr'>monita</span> <span class='ocrx_word' id='word_1_173' title='bbox 512 1609 715 1651; x_wconf 87' lang='lat' dir='ltr'>salutaria</span> <span class='ocrx_word' id='word_1_174' title='bbox 761 1622 868 1663; x_wconf 89' lang='lat' dir='ltr'>quae</span> <span class='ocrx_word' id='word_1_175' title='bbox 908 1622 982 1651; x_wconf 91' lang='lat' dir='ltr'>nos</span> <span class='ocrx_word' id='word_1_176' title='bbox 1022 1609 1234 1651; x_wconf 89' lang='lat' dir='ltr'>custodire</span> <span class='ocrx_word' id='word_1_177' title='bbox 1280 1609 1469 1652; x_wconf 86' lang='lat' dir='ltr'>hortatur</span> <span class='ocrx_word' id='word_1_178' title='bbox 1509 1622 1611 1664; x_wconf 91' lang='lat' dir='ltr'>apo-</span> 
     </span>
     <span class='ocr_line' id='line_1_21' title="bbox 56 1678 1611 1732; baseline 0.002 -13"><span class='ocrx_word' id='word_1_179' title='bbox 56 1687 88 1713; x_wconf 68' lang='grc'>20</span> <span class='ocrx_word' id='word_1_180' title='bbox 107 1678 267 1721; x_wconf 76' lang='lat' dir='ltr'>stolus?</span> <span class='ocrx_word' id='word_1_181' title='bbox 299 1678 507 1732; x_wconf 91' lang='lat' dir='ltr'>quomodo</span> <span class='ocrx_word' id='word_1_182' title='bbox 526 1679 679 1720; x_wconf 85' lang='lat' dir='ltr'>etenim</span> <span class='ocrx_word' id='word_1_183' title='bbox 699 1678 941 1732; x_wconf 85' lang='lat' dir='ltr'>deposuisse</span> <span class='ocrx_word' id='word_1_184' title='bbox 963 1679 1150 1720; x_wconf 89' lang='lat' dir='ltr'>ueterem</span> <span class='ocrx_word' id='word_1_185' title='bbox 1168 1678 1378 1720; x_wconf 93' lang='lat' dir='ltr'>hominem</span> <span class='ocrx_word' id='word_1_186' title='bbox 1400 1679 1443 1720; x_wconf 92' lang='lat' dir='ltr'>et</span> <span class='ocrx_word' id='word_1_187' title='bbox 1458 1691 1611 1722; x_wconf 91' lang='lat' dir='ltr'>nouum</span> 
     </span>
     <span class='ocr_line' id='line_1_22' title="bbox 107 1747 1611 1802; baseline 0.001 -14"><span class='ocrx_word' id='word_1_188' title='bbox 107 1747 315 1789; x_wconf 85' lang='lat' dir='ltr'>hominem</span> <span class='ocrx_word' id='word_1_189' title='bbox 349 1760 457 1798; x_wconf 86' lang='lat' dir='ltr'>eum,</span> <span class='ocrx_word' id='word_1_190' title='bbox 491 1748 561 1801; x_wconf 93' lang='lat' dir='ltr'>qui</span> <span class='ocrx_word' id='word_1_191' title='bbox 584 1749 815 1790; x_wconf 88' lang='lat' dir='ltr'>secundmn</span> <span class='ocrx_word' id='word_1_192' title='bbox 839 1748 963 1790; x_wconf 91' lang='lat' dir='ltr'>deum</span> <span class='ocrx_word' id='word_1_193' title='bbox 986 1749 1053 1800; x_wconf 90' lang='lat' dir='ltr'>sit,</span> <span class='ocrx_word' id='word_1_194' title='bbox 1085 1748 1272 1790; x_wconf 91' lang='lat' dir='ltr'>induisse</span> <span class='ocrx_word' id='word_1_195' title='bbox 1293 1748 1464 1802; x_wconf 91' lang='lat' dir='ltr'>reperiri</span> <span class='ocrx_word' id='word_1_196' title='bbox 1485 1749 1611 1802; x_wconf 86' lang='lat' dir='ltr'>potu-</span> 
     </span>
     <span class='ocr_line' id='line_1_23' title="bbox 108 1817 1611 1871; baseline 0.001 -14"><span class='ocrx_word' id='word_1_197' title='bbox 108 1820 301 1859; x_wconf 73' lang='lat' dir='ltr'>eramus?</span> <span class='ocrx_word' id='word_1_198' title='bbox 333 1818 540 1871; x_wconf 92' lang='lat' dir='ltr'>quomodo</span> <span class='ocrx_word' id='word_1_199' title='bbox 571 1819 789 1860; x_wconf 89' lang='lat' dir='ltr'>manentes</span> <span class='ocrx_word' id='word_1_200' title='bbox 810 1818 851 1859; x_wconf 92' lang='lat' dir='ltr'>in</span> <span class='ocrx_word' id='word_1_201' title='bbox 872 1818 1035 1860; x_wconf 90' lang='lat' dir='ltr'>iustitia</span> <span class='ocrx_word' id='word_1_202' title='bbox 1057 1818 1099 1860; x_wconf 89' lang='lat' dir='ltr'>et</span> <span class='ocrx_word' id='word_1_203' title='bbox 1121 1817 1345 1859; x_wconf 81' lang='lat' dir='ltr'>sanctitate</span> <span class='ocrx_word' id='word_1_204' title='bbox 1369 1817 1411 1859; x_wconf 92' lang='lat' dir='ltr'>et</span> <span class='ocrx_word' id='word_1_205' title='bbox 1432 1817 1611 1859; x_wconf 89' lang='lat' dir='ltr'>ueritate</span> 
     </span>
     <span class='ocr_line' id='line_1_24' title="bbox 107 1885 1608 1940; baseline -0.001 -13"><span class='ocrx_word' id='word_1_206' title='bbox 107 1886 320 1939; x_wconf 87' lang='lat' dir='ltr'>conspecti</span> <span class='ocrx_word' id='word_1_207' title='bbox 361 1885 586 1928; x_wconf 84' lang='lat' dir='ltr'>fuissemus</span> <span class='ocrx_word' id='word_1_208' title='bbox 627 1887 697 1940; x_wconf 92' lang='lat' dir='ltr'>qui</span> <span class='ocrx_word' id='word_1_209' title='bbox 736 1887 892 1929; x_wconf 87' lang='lat' dir='ltr'>iniusta</span> <span class='ocrx_word' id='word_1_210' title='bbox 922 1887 1063 1928; x_wconf 89' lang='lat' dir='ltr'>tecum</span> <span class='ocrx_word' id='word_1_211' title='bbox 1094 1886 1289 1940; x_wconf 89' lang='lat' dir='ltr'>gerentes</span> <span class='ocrx_word' id='word_1_212' title='bbox 1331 1898 1426 1927; x_wconf 90' lang='lat' dir='ltr'>eum</span> <span class='ocrx_word' id='word_1_213' title='bbox 1458 1898 1608 1927; x_wconf 90' lang='lat' dir='ltr'>nouum</span> 
     </span>
     <span class='ocr_line' id='line_1_25' title="bbox 107 1953 1612 2007; baseline 0 -12"><span class='ocrx_word' id='word_1_214' title='bbox 107 1953 331 2003; x_wconf 91' lang='lat' dir='ltr'>hominem,</span> <span class='ocrx_word' id='word_1_215' title='bbox 379 1954 449 2007; x_wconf 87' lang='lat' dir='ltr'>qui</span> <span class='ocrx_word' id='word_1_216' title='bbox 481 1954 535 1996; x_wconf 89' lang='lat' dir='ltr'>sit</span> <span class='ocrx_word' id='word_1_217' title='bbox 567 1955 735 1996; x_wconf 88' lang='lat' dir='ltr'>creatus</span> <span class='ocrx_word' id='word_1_218' title='bbox 767 1954 998 1996; x_wconf 89' lang='lat' dir='ltr'>secundum</span> <span class='ocrx_word' id='word_1_219' title='bbox 1032 1954 1170 2005; x_wconf 91' lang='lat' dir='ltr'>deum,</span> <span class='ocrx_word' id='word_1_220' title='bbox 1220 1954 1538 1996; x_wconf 80' lang='lat' dir='ltr'>extinxissemus</span> <span class='ocrx_word' id='word_1_221' title='bbox 1571 1954 1612 1995; x_wconf 90' lang='lat' dir='ltr'>et</span> 
     </span>
     <span class='ocr_line' id='line_1_26' title="bbox 56 2021 1611 2078; baseline 0.001 -16"><span class='ocrx_word' id='word_1_222' title='bbox 56 2021 223 2063; x_wconf 83' lang='lat' dir='ltr'>2⁵illum</span> <span class='ocrx_word' id='word_1_223' title='bbox 264 2023 473 2073; x_wconf 73' lang='lat' dir='ltr'>ueterem,</span> <span class='ocrx_word' id='word_1_224' title='bbox 522 2023 592 2077; x_wconf 93' lang='lat' dir='ltr'>qui</span> <span class='ocrx_word' id='word_1_225' title='bbox 630 2024 909 2078; x_wconf 89' lang='lat' dir='ltr'>corrumpitur</span> <span class='ocrx_word' id='word_1_226' title='bbox 947 2024 1179 2066; x_wconf 89' lang='lat' dir='ltr'>secundum</span> <span class='ocrx_word' id='word_1_227' title='bbox 1220 2023 1371 2065; x_wconf 89' lang='lat' dir='ltr'>erroris</span> <span class='ocrx_word' id='word_1_228' title='bbox 1409 2023 1611 2077; x_wconf 89' lang='lat' dir='ltr'>concupi-</span> 
     </span>
     <span class='ocr_line' id='line_1_27' title="bbox 107 2091 1610 2147; baseline 0.001 -15"><span class='ocrx_word' id='word_1_229' title='bbox 107 2091 322 2142; x_wconf 85' lang='lat' dir='ltr'>scentiam,</span> <span class='ocrx_word' id='word_1_230' title='bbox 355 2092 403 2133; x_wconf 90' lang='lat' dir='ltr'>ut</span> <span class='ocrx_word' id='word_1_231' title='bbox 435 2093 529 2134; x_wconf 87' lang='lat' dir='ltr'>ante</span> <span class='ocrx_word' id='word_1_232' title='bbox 560 2093 903 2147; x_wconf 89' lang='lat' dir='ltr'>corrumpebatur</span> <span class='ocrx_word' id='word_1_233' title='bbox 935 2106 1060 2147; x_wconf 90' lang='lat' dir='ltr'>quam</span> <span class='ocrx_word' id='word_1_234' title='bbox 1087 2092 1212 2135; x_wconf 90' lang='lat' dir='ltr'>deum</span> <span class='ocrx_word' id='word_1_235' title='bbox 1244 2105 1365 2135; x_wconf 91' lang='lat' dir='ltr'>nosse</span> <span class='ocrx_word' id='word_1_236' title='bbox 1388 2092 1610 2145; x_wconf 89' lang='lat' dir='ltr'>coepisset,</span> 
     </span>
     <span class='ocr_line' id='line_1_28' title="bbox 106 2159 1610 2215; baseline 0.001 -14"><span class='ocrx_word' id='word_1_237' title='bbox 106 2159 257 2201; x_wconf 89' lang='lat' dir='ltr'>iterum</span> <span class='ocrx_word' id='word_1_238' title='bbox 288 2161 454 2213; x_wconf 91' lang='lat' dir='ltr'>portare</span> <span class='ocrx_word' id='word_1_239' title='bbox 486 2161 800 2215; x_wconf 78' lang='lat' dir='ltr'>coepissemus?</span> <span class='ocrx_word' id='word_1_240' title='bbox 831 2162 912 2204; x_wconf 89' lang='lat' dir='ltr'>ista</span> <span class='ocrx_word' id='word_1_241' title='bbox 944 2162 1098 2203; x_wconf 91' lang='lat' dir='ltr'>etenim</span> <span class='ocrx_word' id='word_1_242' title='bbox 1129 2162 1281 2204; x_wconf 89' lang='lat' dir='ltr'>cuncta</span> <span class='ocrx_word' id='word_1_243' title='bbox 1312 2161 1472 2203; x_wconf 87' lang='lat' dir='ltr'>faciunt</span> <span class='ocrx_word' id='word_1_244' title='bbox 1502 2173 1610 2214; x_wconf 87' lang='lat' dir='ltr'>quae</span> 
     </span>
     <span class='ocr_line' id='line_1_29' title="bbox 104 2228 1610 2282; baseline 0.001 -12"><span class='ocrx_word' id='word_1_245' title='bbox 104 2228 151 2270; x_wconf 84' lang='lat' dir='ltr'>tu</span> <span class='ocrx_word' id='word_1_246' title='bbox 182 2228 286 2271; x_wconf 84' lang='lat' dir='ltr'>facis</span> <span class='ocrx_word' id='word_1_247' title='bbox 324 2241 402 2271; x_wconf 92' lang='lat' dir='ltr'>non</span> <span class='ocrx_word' id='word_1_248' title='bbox 444 2228 512 2272; x_wconf 89' lang='lat' dir='ltr'>dei</span> <span class='ocrx_word' id='word_1_249' title='bbox 553 2230 786 2281; x_wconf 90' lang='lat' dir='ltr'>domestici,</span> <span class='ocrx_word' id='word_1_250' title='bbox 829 2230 905 2273; x_wconf 90' lang='lat' dir='ltr'>sed</span> <span class='ocrx_word' id='word_1_251' title='bbox 944 2230 1150 2273; x_wconf 83' lang='lat' dir='ltr'>satellites</span> <span class='ocrx_word' id='word_1_252' title='bbox 1193 2229 1446 2272; x_wconf 89' lang='lat' dir='ltr'>antichristi:</span> <span class='ocrx_word' id='word_1_253' title='bbox 1485 2230 1610 2282; x_wconf 89' lang='lat' dir='ltr'>depo-</span> 
     </span>
     <span class='ocr_line' id='line_1_30' title="bbox 106 2298 1609 2352; baseline 0 -14"><span class='ocrx_word' id='word_1_254' title='bbox 106 2300 249 2339; x_wconf 84' lang='lat' dir='ltr'>nentes</span> <span class='ocrx_word' id='word_1_255' title='bbox 286 2298 554 2340; x_wconf 80' lang='lat' dir='ltr'>mendacium</span> <span class='ocrx_word' id='word_1_256' title='bbox 586 2298 812 2352; x_wconf 87' lang='lat' dir='ltr'>loquimini</span> <span class='ocrx_word' id='word_1_257' title='bbox 843 2299 1066 2342; x_wconf 86' lang='lat' dir='ltr'>ueritatem</span> <span class='ocrx_word' id='word_1_258' title='bbox 1095 2299 1386 2352; x_wconf 81' lang='lat' dir='ltr'>unusquisque</span> <span class='ocrx_word' id='word_1_259' title='bbox 1419 2298 1477 2340; x_wconf 86' lang='lat' dir='ltr'>ad</span> <span class='ocrx_word' id='word_1_260' title='bbox 1504 2310 1609 2351; x_wconf 83' lang='lat' dir='ltr'>pro-</span> 
     </span>
     <span class='ocr_line' id='line_1_31' title="bbox 56 2365 1609 2420; baseline 0.001 -14"><span class='ocrx_word' id='word_1_261' title='bbox 56 2365 271 2407; x_wconf 74' lang='lat' dir='ltr'>auximum</span> <span class='ocrx_word' id='word_1_262' title='bbox 308 2379 445 2418; x_wconf 83' lang='lat' dir='ltr'>suum,</span> <span class='ocrx_word' id='word_1_263' title='bbox 492 2367 593 2420; x_wconf 85' lang='lat' dir='ltr'>quia</span> <span class='ocrx_word' id='word_1_264' title='bbox 632 2380 779 2410; x_wconf 86' lang='lat' dir='ltr'>sumus</span> <span class='ocrx_word' id='word_1_265' title='bbox 815 2368 999 2411; x_wconf 83' lang='lat' dir='ltr'>inuicem</span> <span class='ocrx_word' id='word_1_266' title='bbox 1038 2367 1237 2410; x_wconf 82' lang='lat' dir='ltr'>membra.</span> <span class='ocrx_word' id='word_1_267' title='bbox 1300 2367 1335 2410; x_wconf 84' lang='lat' dir='ltr'>si</span> <span class='ocrx_word' id='word_1_268' title='bbox 1374 2366 1525 2409; x_wconf 84' lang='lat' dir='ltr'>fuisses</span> <span class='ocrx_word' id='word_1_269' title='bbox 1558 2366 1609 2408; x_wconf 90' lang='lat' dir='ltr'>de</span> 
     </span>
     <span class='ocr_line' id='line_1_32' title="bbox 109 2434 1609 2490; baseline 0.001 -15"><span class='ocrx_word' id='word_1_270' title='bbox 109 2434 313 2476; x_wconf 88' lang='lat' dir='ltr'>ecclesiae</span> <span class='ocrx_word' id='word_1_271' title='bbox 346 2434 414 2477; x_wconf 87' lang='lat' dir='ltr'>dei</span> <span class='ocrx_word' id='word_1_272' title='bbox 444 2436 657 2486; x_wconf 85' lang='lat' dir='ltr'>membris,</span> <span class='ocrx_word' id='word_1_273' title='bbox 690 2436 791 2478; x_wconf 93' lang='lat' dir='ltr'>mihi</span> <span class='ocrx_word' id='word_1_274' title='bbox 813 2436 938 2478; x_wconf 87' lang='lat' dir='ltr'>crede</span> <span class='ocrx_word' id='word_1_275' title='bbox 961 2436 1073 2490; x_wconf 91' lang='lat' dir='ltr'>quod</span> <span class='ocrx_word' id='word_1_276' title='bbox 1094 2449 1321 2490; x_wconf 87' lang='lat' dir='ltr'>numquam</span> <span class='ocrx_word' id='word_1_277' title='bbox 1343 2436 1609 2478; x_wconf 90' lang='lat' dir='ltr'>mendacium</span> 
     </span>
     <span class='ocr_line' id='line_1_33' title="bbox 108 2503 1608 2561; baseline 0.001 -18"><span class='ocrx_word' id='word_1_278' title='bbox 108 2503 350 2555; x_wconf 87' lang='lat' dir='ltr'>pertulisses</span> <span class='ocrx_word' id='word_1_279' title='bbox 384 2503 438 2544; x_wconf 89' lang='lat' dir='ltr'>ad</span> <span class='ocrx_word' id='word_1_280' title='bbox 470 2505 715 2553; x_wconf 74' lang='lat' dir='ltr'>ecclesiam:</span> <span class='ocrx_word' id='word_1_281' title='bbox 752 2505 886 2561; x_wconf 81' lang='lat' dir='ltr'>&lt;ni&gt;si</span> <span class='ocrx_word' id='word_1_282' title='bbox 919 2505 1016 2559; x_wconf 91' lang='lat' dir='ltr'>quia</span> <span class='ocrx_word' id='word_1_283' title='bbox 1048 2506 1105 2548; x_wconf 86' lang='lat' dir='ltr'>sis</span> <span class='ocrx_word' id='word_1_284' title='bbox 1136 2506 1248 2547; x_wconf 89' lang='lat' dir='ltr'>illius</span> <span class='ocrx_word' id='word_1_285' title='bbox 1270 2506 1405 2554; x_wconf 90' lang='lat' dir='ltr'>homo,</span> <span class='ocrx_word' id='word_1_286' title='bbox 1439 2504 1508 2558; x_wconf 92' lang='lat' dir='ltr'>qui</span> <span class='ocrx_word' id='word_1_287' title='bbox 1532 2503 1608 2545; x_wconf 89' lang='lat' dir='ltr'>de-</span> 
     </span>
    </p>
   </div>
   <div class='ocr_carea' id='block_1_3' title="bbox 178 2627 1610 2788">
    <p class='ocr_par' dir='ltr' id='par_1_3' title="bbox 178 2627 1610 2788">
     <span class='ocr_line' id='line_1_34' title="bbox 245 2627 936 2671; baseline 0.001 -10"><span class='ocrx_word' id='word_1_288' title='bbox 245 2627 267 2662; x_wconf 86' lang='lat'>8</span> <span class='ocrx_word' id='word_1_289' title='bbox 291 2627 378 2671; x_wconf 89' lang='lat' dir='ltr'>Eph.</span> <span class='ocrx_word' id='word_1_290' title='bbox 403 2630 436 2668; x_wconf 84' lang='lat'>4,</span> <span class='ocrx_word' id='word_1_291' title='bbox 463 2631 506 2664; x_wconf 66' lang='lat'>15</span> <span class='ocrx_word' id='word_1_292' title='bbox 602 2630 643 2664; x_wconf 83' lang='grc'>12</span> <span class='ocrx_word' id='word_1_293' title='bbox 669 2628 715 2664; x_wconf 90' lang='lat' dir='ltr'>ib.</span> <span class='ocrx_word' id='word_1_294' title='bbox 741 2630 774 2667; x_wconf 80' lang='lat'>4.</span> <span class='ocrx_word' id='word_1_295' title='bbox 801 2629 936 2664; x_wconf 81' lang='lat'>21—25</span> 
     </span>
     <span class='ocr_line' id='line_1_35' title="bbox 178 2742 1610 2788; baseline 0.001 -12"><span class='ocrx_word' id='word_1_296' title='bbox 178 2742 215 2776; x_wconf 91' lang='lat'>11</span> <span class='ocrx_word' id='word_1_297' title='bbox 245 2743 410 2777; x_wconf 61' lang='lat' dir='ltr'>erramtis</span> <span class='ocrx_word' id='word_1_298' title='bbox 530 2743 572 2778; x_wconf 89' lang='grc'>18</span> <span class='ocrx_word' id='word_1_299' title='bbox 595 2743 948 2788; x_wconf 82' lang='lat' dir='ltr'>praetermisissemus</span> <span class='ocrx_word' id='word_1_300' title='bbox 971 2746 1015 2777; x_wconf 81' lang='lat' dir='ltr'>ut</span> <span class='ocrx_word' id='word_1_301' title='bbox 1040 2753 1064 2777; x_wconf 86' lang='grc' dir='ltr'><strong><em>α</em></strong></span> <span class='ocrx_word' id='word_1_302' title='bbox 1090 2742 1259 2787; x_wconf 89' lang='lat' dir='ltr'>quomodo</span> <span class='ocrx_word' id='word_1_303' title='bbox 1285 2744 1414 2778; x_wconf 85' lang='lat' dir='ltr'>etenim</span> <span class='ocrx_word' id='word_1_304' title='bbox 1439 2745 1610 2779; x_wconf 60' lang='lat' dir='ltr'>coeuntia-</span> 
     </span>
    </p>
   </div>
   <div class='ocr_carea' id='block_1_4' title="bbox 109 2799 1609 2901">
    <p class='ocr_par' dir='ltr' id='par_1_4' title="bbox 109 2799 1609 2901">
     <span class='ocr_line' id='line_1_36' title="bbox 110 2799 1609 2845; baseline 0.001 -12"><span class='ocrx_word' id='word_1_305' title='bbox 110 2803 185 2833; x_wconf 76' lang='lat' dir='ltr'>tum</span> <span class='ocrx_word' id='word_1_306' title='bbox 208 2800 420 2844; x_wconf 80' lang='lat' dir='ltr'>principale</span> <span class='ocrx_word' id='word_1_307' title='bbox 450 2801 612 2845; x_wconf 82' lang='lat' dir='ltr'>incipiat</span> <span class='ocrx_word' id='word_1_308' title='bbox 639 2800 870 2835; x_wconf 82' lang='lat' dir='ltr'>Gallandius</span> <span class='ocrx_word' id='word_1_309' title='bbox 1009 2799 1050 2834; x_wconf 87' lang='lat'>21</span> <span class='ocrx_word' id='word_1_310' title='bbox 1078 2800 1243 2844; x_wconf 85' lang='lat' dir='ltr'>repperiri</span> <span class='ocrx_word' id='word_1_311' title='bbox 1359 2801 1403 2835; x_wconf 81' lang='lat'>24</span> <span class='ocrx_word' id='word_1_312' title='bbox 1429 2801 1609 2836; x_wconf 70' lang='lat' dir='ltr'>extinctis-</span> 
     </span>
     <span class='ocr_line' id='line_1_37' title="bbox 109 2855 1159 2901; baseline 0.004 -13"><span class='ocrx_word' id='word_1_313' title='bbox 109 2865 221 2889; x_wconf 81' lang='lat' dir='ltr'>semus</span> <span class='ocrx_word' id='word_1_314' title='bbox 314 2855 358 2890; x_wconf 81' lang='lat'>32</span> <span class='ocrx_word' id='word_1_315' title='bbox 383 2856 451 2891; x_wconf 89' lang='lat' dir='ltr'>nisi</span> <span class='ocrx_word' id='word_1_316' title='bbox 474 2857 622 2901; x_wconf 81' lang='lat' dir='ltr'>scripsi,</span> <span class='ocrx_word' id='word_1_317' title='bbox 648 2856 678 2890; x_wconf 82' lang='lat' dir='ltr'>si</span> <span class='ocrx_word' id='word_1_318' title='bbox 708 2857 748 2896; x_wconf 77' lang='lat' dir='ltr'>V,</span> <span class='ocrx_word' id='word_1_319' title='bbox 775 2855 836 2891; x_wconf 82' lang='lat' dir='ltr'>sed</span> <span class='ocrx_word' id='word_1_320' title='bbox 861 2857 955 2892; x_wconf 84' lang='lat' dir='ltr'>coni.</span> <span class='ocrx_word' id='word_1_321' title='bbox 978 2857 1159 2892; x_wconf 78' lang='lat' dir='ltr'>Latinius</span> 
     </span>
    </p>
   </div>
  </div>
 </body>
</html>
