1934 3278
502 296 556 330 De
582 298 703 331 sancto
728 296 925 331 Athanasio
950 296 1039 331 liber
1062 296 1105 331 Π.
1487 297 1562 340 161

60 423 114 465 sit
134 422 332 465 vuindicta
360 423 529 465 futura?
593 423 743 465 deinde
784 423 819 465 si
861 423 1114 465 aduersariis
1155 422 1369 465 Susannae
1408 423 1466 465 sic
1499 423 1564 465 est

61 492 163 533 deus
194 491 424 533 uindictam
457 491 557 533 dare
590 491 800 545 dignatus,
831 492 871 533 in
903 493 945 533 te
979 492 1192 534 arbitraris
1224 504 1303 533 non
1324 492 1560 546 grauiorem

58 563 376 613 processuram?
406 560 617 613 procedet,
649 560 751 602 mihi
779 560 920 610 crede,
955 560 989 602 si
1021 573 1098 602 non
1130 560 1172 601 te
1197 560 1362 602 mature
1384 573 1562 602 conuer—

58 629 171 671 teris.
234 629 269 670 si
302 629 411 670 enim
441 629 517 678 illi,
560 629 658 682 quia
683 628 897 671 Susannae
929 629 1176 683 pudicitiam
1207 629 1366 671 uiolare
1397 629 1560 670 fuerant

19 709 39 733 ὁ
57 697 208 747 conati,
250 698 352 739 haec
385 710 493 751 quae
526 697 685 739 subieci
714 699 956 739 meruerunt
986 699 1198 751 consequi,
1239 698 1393 751 quanto
1423 697 1558 751 magis

56 767 101 807 tu
134 766 204 819 qui
233 766 440 808 ecclesiae
474 779 518 808 es
551 766 775 820 adgressus
805 767 965 809 uiolare
998 767 1269 809 castitatem?
1318 766 1557 819 petiuerunt

56 834 117 875 issi
147 834 251 876 falso
281 835 456 876 crimine
489 834 735 884 Susannam,
770 835 811 876 et
842 847 916 877 uos
937 835 1113 878 totidem
1135 835 1300 889 petistis
1322 847 1400 876 non
1423 834 1558 876 solum

55 904 344 953 Athanasium,
378 903 453 945 sed
486 903 527 944 et
558 903 730 944 cunctos
762 903 882 944 uobis
912 904 1167 946 resistentes.
1202 904 1428 945 autunum
1460 902 1558 944 dare

56 972 210 1026 poteris
242 985 263 1013 e
294 972 601 1022 resistentibus,
636 973 703 1013 cui
734 985 813 1014 non
846 973 1091 1026 adplicitum
1123 974 1248 1015 fuerit
1278 973 1463 1015 crimen?
1494 972 1553 1014 sic

6 1051 130 1082 iouos
160 1040 300 1082 fuistis
334 1041 483 1082 armati
525 1041 578 1083 ad
619 1041 824 1083 ecclesiae
868 1041 1109 1083 uiolandam
1147 1041 1401 1091 castitatem,
1447 1040 1556 1082 sicut

55 1109 116 1150 illi
148 1109 202 1150 ad
233 1108 448 1151 Susannae
479 1110 659 1159 fuerunt,
693 1111 763 1164 qui
787 1110 1000 1152 dixerunt:
1032 1112 1141 1152 ostia
1161 1112 1388 1153 uiridiarii
1411 1110 1557 1152 clausa

54 1181 166 1232 sunt,
200 1192 320 1220 nemo
352 1192 427 1219 nos
457 1179 588 1230 uidet,
621 1179 670 1220 in
701 1179 1039 1232 concupiscentia
1078 1181 1142 1221 tui
1179 1192 1347 1231 sumus;
1381 1181 1560 1232 propter

56 1245 130 1288 hoc
161 1248 347 1288 consenti
379 1248 500 1289 nobis
539 1252 576 1289 et
616 1251 698 1289 esto
738 1248 968 1302 nobiscum,
1009 1248 1205 1301 alioquin
1241 1248 1402 1300 falsum
1441 1247 1556 1289 testi-

55 1316 240 1356 monium
270 1316 456 1357 dicemus
494 1317 721 1358 aduersum
759 1320 809 1369 te,
848 1318 1052 1370 quoniam
1092 1321 1184 1358 erat
1222 1320 1353 1359 tecum
1390 1316 1559 1357 iuuenis

6 1397 38 1421 15
54 1386 93 1425 et
113 1386 291 1436 propter
321 1385 395 1426 hoc
426 1386 631 1427 dimisisti
659 1386 828 1438 puellas
858 1400 886 1427 a
916 1389 964 1427 te.
1024 1386 1098 1426 aut
1134 1385 1360 1439 temptabis
1399 1396 1552 1438 negare

56 1463 146 1493 esse
170 1452 350 1494 dictum:
382 1454 667 1496 desiderantes
696 1467 842 1496 sumus
872 1468 949 1496 nos
981 1455 1169 1496 Arriani
1199 1458 1236 1496 et
1266 1467 1339 1495 nos
1371 1453 1552 1495 Christi-

54 1522 130 1562 ani
151 1536 284 1563 unum
305 1522 417 1576 effici
438 1537 612 1576 corpus,·
637 1522 911 1576 derelinquite
940 1523 1065 1575 fidem
1087 1537 1215 1576 quam
1237 1523 1354 1575 apud
1376 1522 1554 1563 Niciam

55 1593 200 1632 contra
231 1604 305 1632 nos
342 1592 491 1633 tenetis
529 1592 824 1646 conscriptam,
866 1592 1119 1645 adquiescite
1150 1592 1276 1633 Arrii
1312 1590 1552 1641 doctrinae‚·

54 1659 245 1711 alioquin
274 1660 376 1712 quia
405 1672 480 1701 nos
509 1660 687 1702 multum
712 1673 949 1715 possumus,
991 1661 1217 1712 imperium
1254 1663 1443 1701 nostrum
1481 1661 1553 1713 est,

4 1727 201 1781 inquibus
231 1728 410 1770 uelimus
439 1742 515 1770 uos
545 1730 677 1771 modis
705 1729 997 1783 yrauabimus,
1038 1732 1074 1770 et
1111 1742 1252 1771 omncs
1292 1729 1495 1771 tollemini
1529 1743 1551 1771 e

54 1797 205 1838 uestris
234 1797 429 1839 sedibus?
459 1810 539 1839 non
569 1797 724 1851 poteris
749 1799 852 1840 haec
884 1798 945 1839 ita
977 1811 1019 1841 se
1058 1799 1212 1840 habere
1243 1810 1410 1852 negare,
1451 1811 1547 1840 cum

55 1867 130 1909 deo
161 1879 333 1921 perosae
364 1866 661 1908 meditationes
690 1867 788 1908 tuae
819 1868 942 1910 rebus
973 1868 1105 1921 gestis
1135 1867 1289 1909 fuerint
1318 1867 1543 1909 reuelatae.

54 1949 126 1978 cur
157 1936 266 1978 enim
303 1936 568 1989 cogebamur,
609 1935 773 1977 etiamsi
811 1948 892 1977 non
933 1935 1225 1977 damnaremus
1256 1935 1546 1986 Athanasium,

52 2006 191 2046 tamen
223 2004 500 2046 communioni
533 2004 806 2045 misceremur
827 2005 1110 2054 Arrianorum,
1143 2004 1222 2046 nisi
1254 2005 1352 2058 quia
1386 2005 1431 2045 tu
1452 2004 1546 2046 leno

5 2084 36 2111 τε
54 2073 237 2115 haeresis
259 2073 460 2115 Arrianae
491 2073 664 2114 cunctos
695 2085 769 2114 nos
800 2085 974 2127 cuperes
1006 2073 1153 2126 quouis
1184 2073 1308 2115 modo
1329 2072 1419 2114 fieri
1442 2085 1542 2114 con-

55 2143 280 2196 sacrilegos
311 2143 436 2183 tuos?

108 2211 222 2253 VIII.
256 2211 339 2252 Sed
371 2210 495 2252 credo
529 2210 662 2252 adhuc
694 2211 875 2263 temptes
908 2223 1060 2264 negare
1092 2224 1171 2252 non
1206 2212 1247 2251 te
1268 2210 1425 2252 idcirco
1446 2222 1544 2263 per-

54 2280 171 2333 sequi
201 2292 288 2329 nos,
321 2280 419 2333 quia
450 2279 704 2321 noluerimus
737 2279 961 2322 Christiani
993 2280 1081 2321 fieri
1114 2280 1289 2321 Arriani.
1342 2278 1547 2333 quomodo

53 2359 204 2401 negare
235 2349 402 2401 poteris,
437 2361 531 2389 cum
564 2348 872 2390 sanctissimum
903 2349 1146 2403 Dionysium
1168 2348 1543 2390 Mediolanensium

4 2425 35 2450 ³0
55 2415 306 2469 episcopum,
349 2417 416 2470 qui
448 2417 532 2458 iam
562 2417 639 2458 tibi
671 2417 776 2457 salsa
814 2417 1022 2458 adserenti
1063 2417 1235 2459 credens
1278 2416 1547 2458 damnauerat

189 2589 227 2622 11
255 2589 346 2624 Dan.
371 2589 426 2624 20.
451 2589 492 2623 21
519 2590 588 2633 (13,
615 2589 669 2624 20.
695 2590 749 2631 21)

120 2733 137 2769 1
164 2734 380 2770 aduersarius
407 2748 452 2770 m.
477 2740 495 2770 1
626 2737 663 2770 11
692 2736 861 2791 uiridiarii
889 2736 910 2778 (i
937 2747 1017 2780 emp.
1043 2748 1087 2770 m.
1113 2744 1196 2778 rec.)
1340 2735 1381 2769 17
1406 2735 1549 2771 Niceam

54 2825 71 2847 υ
149 2814 194 2849 18
209 2798 403 2871 doctrinam
420 2821 460 2859 (·ο
477 2829 522 2852 m.
542 2818 627 2860 rec.)
716 2816 762 2850 24
778 2819 815 2850 ut
832 2819 954 2851 tamen
969 2816 1058 2858 fort.
1145 2816 1358 2851 misciremur
1375 2829 1419 2852 m.
1436 2820 1456 2852 1

52 2892 94 2926 27
119 2895 270 2938 temptes
295 2897 443 2940 scripsi,
468 2880 612 2953 tempti}
641 2901 667 2939 (⁵
693 2908 738 2930 m.
764 2898 848 2939 rec.)
943 2896 987 2929 29
1016 2895 1203 2930 dionisium

118 2971 224 3010 XIIII.
1371 2977 1410 3010 11
