1934 3278
289 180 370 224 184
936 175 1133 211 Luciferi

287 307 490 349 dixerunt
518 305 628 346 inter
658 317 723 346 se.-
763 304 829 345 hic
859 307 918 345 est
947 303 1073 354 heres,
1112 304 1263 359 uenite,
1304 304 1539 346 occidamus
1570 305 1708 356 illum,
1740 307 1780 346 et

287 375 523 419 habebimus
553 373 820 415 hereditatem
849 372 951 415 eius.
1013 375 1052 414 ct
1082 373 1386 425 adprehensum
1416 386 1510 415 eum
1540 374 1778 417 occiderunt

289 449 325 487 et
355 445 562 486 eiceemmt
592 446 712 484 extra
741 443 924 484 uincam.
955 455 1049 483 cum
1079 456 1173 496 erqo
1204 443 1369 484 uenerit
1387 442 1581 484 dominus
1610 443 1780 493 uineae,

286 514 388 567 quid
416 513 546 566 faciet
574 511 729 554 colonis
759 511 884 553 illis?
914 510 1062 552 dicunt
1091 511 1184 553 illi.-
1214 511 1348 553 malos
1377 511 1487 552 male
1503 511 1647 564 perdet
1667 511 1779 566 illos,

284 583 459 624 uincam
480 580 632 623 locabit
651 580 754 622 aliis
775 579 944 632 colonis,
970 580 1043 632 qm·
1063 580 1245 621 reddant
1265 580 1302 621 et
1322 579 1508 632 fructum
1528 579 1781 633 temporibus
1818 588 1834 614 ⁵

282 651 384 694 suis.

340 720 430 762 XX.
465 720 525 760 Ex
556 719 619 759 his
651 718 749 771 quia
779 729 869 759 esse
900 729 1006 758 unus
1037 729 1187 771 magno
1211 730 1333 771 opere
1356 717 1620 770 desideraris,
1646 720 1687 760 et
1707 732 1782 762 nos

289 789 424 832 socios
456 788 674 829 criminum
704 786 871 827 tuorum
902 786 1109 828 suadebas
1140 786 1254 835 fieri3
1286 799 1419 840 neque
1452 788 1559 828 enim
1584 789 1665 829 alia
1687 789 1783 830 sunt

289 858 464 901 consilia
492 857 565 897 tua
599 857 648 897 ab
679 855 846 896 illorum
875 855 1043 896 nefariis
1075 855 1272 906 consiliis,
1307 856 1375 909 qui
1396 856 1661 898 inueniantur
1682 870 1780 910 pro-

288 930 434 982 phetas
465 925 739 974 interemisse,
780 924 849 977 qui
890 924 1066 977 denique
1096 925 1137 965 in
1169 925 1338 965 unicum
1371 924 1437 966 dei
1468 925 1600 966 filium
1631 926 1781 979 impias
1801 932 1834 957 10

285 995 537 1052 porrexerint
574 1006 743 1042 manus,
791 993 970 1034 maxime
1009 1005 1104 1034 cum
1147 993 1271 1034 etiam
1309 993 1523 1046 passiones
1563 995 1781 1036 beatorum

284 1068 459 1109 istorum
498 1064 720 1105 missorum
760 1062 811 1103 ad
844 1063 1010 1104 00101100
1053 1062 1105 1103 ad
1144 1062 1317 1103 nihilum
1357 1062 1413 1104 sis
1452 1062 1660 1116 redigens,
1703 1063 1780 1104 ad-

285 1134 482 1179 struendo
512 1133 608 1174 illos
638 1132 767 1173 fuisse
790 1131 1031 1173 interfectos
1052 1133 1218 1185 propter
1243 1144 1337 1173 eum
1368 1132 1441 1184 qut
1461 1132 1595 1184 fuerit
1613 1133 1782 1185 quando

279 1218 366 1247 non
396 1204 539 1256 fuerit,
582 1215 677 1243 eum
709 1202 891 1243 clament
930 1214 1073 1242 sacrae
1106 1202 1349 1255 scripturae⁷
1393 1201 1489 1254 quia
1527 1203 1674 1243 unicus
1708 1202 1775 1244 dei

281 1274 393 1317 filius
416 1284 579 1324 semper
598 1271 839 1325 regnauerit
861 1283 907 1311 ac
932 1270 985 1311 sit
1004 1283 1183 1324 regnans
1206 1283 1300 1311 cum
1321 1270 1452 1323 patre.
1476 1283 1602 1311 unam
1624 1272 1779 1313 habere
1799 1280 1832 1305 15

283 1343 484 1384 deitatem
518 1341 707 1393 aperiunt
739 1340 970 1382 dominicae
1009 1340 1175 1381 litterae
1207 1340 1369 1393 patrem
1411 1341 1451 1381 et
1489 1341 1657 1382 unicum
1692 1341 1780 1382 eius

281 1412 434 1459 filium3
469 1411 509 1451 et
541 1409 646 1451 (11010
678 1422 786 1461 011111,
816 1421 890 1462 pro
922 1421 1002 1462 (1110
1032 1409 1240 1450 interfecti
1273 1410 1368 1451 sunt
1397 1410 1623 1462 prophetae
1645 1410 1779 1463 glori-

284 1482 356 1529 osi,
389 1480 547 1520 factum
580 1491 671 1520 esse
704 1491 752 1520 ex
783 1479 923 1520 11111110.
976 1479 1010 1520 01
1045 1479 1153 1520 0111111
1183 1479 1229 1521 tu
1262 1491 1368 1531 quae
1402 1478 1505 1520 dicis
1535 1491 1637 1520 uera
1669 1480 1777 1528 sunt,

279 1550 442 1592 constat
471 1548 638 1601 propter
671 1548 907 1589 creaturam
937 1548 1179 1589 interfectos
1209 1548 1355 1589 beatos
1376 1548 1612 1601 prophetas.
1647 1549 1688 1589 et
1709 1547 1779 1589 ubi

280 1620 357 1661 erit
386 1618 491 1660 illud
531 1617 640 1670 quod
671 1617 830 1670 ingenti
860 1617 1144 1670 indignatione
1175 1616 1381 1658 irascatur
1415 1617 1604 1659 dominus
1634 1618 1676 1659 in
1710 1630 1779 1659 eos
1799 1622 1833 1648 2⁰

279 1690 347 1742 qui
381 1687 564 1730 seruiant
595 1686 812 1727 creaturae
845 1698 968 1739 quam
1000 1686 1210 1727 creatori?
1256 1687 1289 1727 si
1320 1698 1393 1739 pro
1424 1686 1617 1727 creatura
1646 1686 1778 1727 inter-

280 1757 376 1798 fecti
399 1756 495 1798 sunt
518 1755 630 1797 beati
651 1755 890 1807 prophetae,
915 1755 1121 1807 quomodo
1145 1767 1214 1796 000
1236 1755 1364 1796 habet
1385 1755 1623 1797 carissimos
1647 1754 1779 1796 deus?

282 1825 502 1879 quomodo,
543 1824 640 1877 quia
670 1824 854 1876 ipsorum
886 1824 1026 1865 uerbis
1056 1836 1136 1865 non
1168 1824 1438 1865 crediderunt
1476 1823 1635 1873 Iudaei,
1684 1823 1781 1865 sunt

276 1895 399 1938 hodie
432 1894 500 1934 dei
530 1893 716 1934 inimici?
746 1892 857 1933 unde
880 1892 947 1933 dei
969 1893 1115 1934 Iudaei
1135 1892 1320 1933 inimici?
1352 1892 1461 1933 unde
1484 1893 1600 1933 extra
1622 1891 1777 1934 domini

283 1964 404 2018 positi
420 1962 687 2003 inueniuntur
708 1961 904 2002 uincam?
925 1961 1003 2002 nisi
1026 1961 1124 2014 quia
1143 1962 1438 2014 prophetarum
1458 1961 1777 2014 interemptores
1797 1965 1831 1992 2⁵

277 2032 522 2081 extitissent,
556 2030 635 2072 nisi
666 2032 764 2084 quia
796 2030 1011 2071 aeternum
1045 2029 1167 2070 deum
1201 2029 1357 2071 aeterni
1391 2029 1458 2071 dei
1488 2029 1621 2070 filium
1651 2042 1776 2082 prae-

280 2100 513 2142 dicanerint
542 2099 781 2152 prophetae,
816 2099 857 2140 et
885 2098 949 2139 illi
980 2098 1310 2151 comblasphemi
1339 2098 1402 2139 tui
1432 2111 1512 2139 non
1542 2098 1676 2139 solum
1697 2110 1777 2140 non

277 2168 531 2210 crediderint
546 2168 789 2221 prophetiae
813 2179 968 2218 eorum,
992 2167 1068 2208 sed
1089 2167 1131 2208 et
1155 2166 1323 2209 eosdem
1344 2166 1643 2208 interemerint.
1678 2167 1778 2220 quid

279 2238 431 2279 etenim
462 2237 705 2290 persecutos
741 2236 871 2278 fuisse
904 2236 1118 2278 arbitraris
1155 2235 1196 2276 in
1237 2235 1449 2289 prophetis
1479 2235 1659 2277 Iudaeos
1697 2235 1777 2277 nisi

277 2305 444 2348 unicum
478 2306 545 2347 dei
566 2305 712 2356 filium,
746 2304 855 2346 sicut
885 2305 927 2346 et
956 2304 997 2345 in
1031 2304 1229 2358 apostoh’s
1262 2304 1387 2357 atque
1418 2303 1697 2358 martyribus?
1729 2316 1778 2345 ex
1796 2311 1831 2337 ³0

278 2375 319 2415 te
351 2373 503 2415 saltem
525 2385 856 2429 cognoscetuera
888 2385 979 2414 esse
1012 2385 1118 2426 quae
1142 2372 1249 2423 dico,
1283 2371 1489 2427 siquidem
1512 2372 1554 2413 et
1582 2372 1628 2413 tu
1651 2385 1776 2426 quam

344 2554 365 2587 3
390 2558 574 2598 egecerunt
606 2557 644 2596 V,
672 2556 848 2590 eiecerunt
874 2566 951 2589 eum
976 2567 996 2590 v
1119 2555 1141 2588 4
1165 2554 1286 2589 dicunt
1310 2554 1362 2588 ini
1387 2565 1419 2595 v,
1446 2554 1532 2588 dicit
1556 2554 1626 2589 illis
1657 2555 1692 2590 V

276 2623 296 2655 5
320 2622 469 2657 reddent
492 2635 513 2658 v
607 2624 626 2657 7
652 2606 860 2669 magndpere
960 2624 981 2658 9
1006 2623 1232 2657 inueniuntur
1255 2635 1275 2657 v
1375 2621 1418 2655 25
1443 2605 1687 2657 interemtores

275 2679 320 2717 29
344 2682 543 2724 persecutus
683 2681 725 2715 31
754 2692 856 2726 quam
887 2683 926 2723 V,
961 2692 1061 2726 quem
1086 2693 1118 2722 v,
1154 2680 1212 2725 qui
1236 2680 1328 2715 coni.
1357 2679 1489 2723 Titius,
1521 2690 1655 2725 quoquc
1680 2680 1776 2716 coni.

275 2739 477 2783 .Latiuius;
502 2749 604 2783 quam
627 2758 673 2765 —-
696 2749 760 2775 nec
784 2750 854 2774 non
870 2739 1078 2784 usurpauit
1101 2742 1145 2774 ut
1164 2738 1282 2784 paulo
1302 2740 1391 2782 post
1415 2739 1497 2779 192,
1524 2740 1567 2772 11
1591 2739 1667 2772 tam
1684 2738 1777 2783 ipsos

277 2806 338 2831 uec
362 2806 432 2830 non
458 2796 493 2828 et
516 2795 664 2830 Paulum
