1934 3278
341 192 421 234 180
991 189 1184 224 Luciferi

341 317 482 370 accipe
516 328 621 369 quae
652 317 694 357 te
726 315 838 356 circa
868 327 941 356 nos
974 315 1110 356 facere
1139 314 1308 356 iusserit
1331 315 1521 356 dominus
1545 316 1705 358 dicens:
1728 315 1835 368 quod

338 387 376 427 si
399 386 640 438 peccauerit
671 385 720 425 in
749 387 787 425 te
817 384 952 436 frater
982 387 1092 435 tuus,
1124 384 1232 426 ‘coadc
1263 387 1300 425 et
1331 386 1490 438 corripe
1520 399 1613 427 eum
1647 386 1759 427 inter
1798 389 1835 428 te

339 457 377 495 et
406 455 549 507 ipsum
579 453 712 495 solum
720 470 737 507 ;
767 456 806 495 et
834 453 871 495 si
903 453 1100 508 audierit,
1136 453 1323 495 lucratus
1353 454 1435 494 eris
1473 453 1650 506 fratrem
1689 458 1833 507 tuum,-

339 523 377 564 εἰ
408 525 546 564 autem
577 536 662 564 non
692 525 729 563 te
759 522 959 576 audierit,
992 521 1140 563 adhibe
1161 525 1292 563 tecum
1313 521 1449 564 adhuc
1469 536 1602 564 amum
1626 523 1695 564 uel
1717 524 1831 575 duos,

340 595 386 633 ut
417 593 465 634 in
496 605 563 633 ore
593 593 772 633 duorum
802 591 869 632 uel
899 592 1031 633 trium
1061 591 1226 632 testium
1256 594 1331 632 stet
1360 605 1480 633 omne
1510 592 1694 634 uerbum.
1727 593 1833 644 quod
1872 604 1888 628 f·

340 661 377 702 si
408 674 493 702 ozon
523 661 709 702 audierit
748 673 823 715 eos,
863 660 930 701 dic
971 659 1191 711 ecclesiae;
1240 661 1277 701 si
1320 663 1458 703 autem
1496 661 1707 703 ecclesiam
1746 674 1831 703 *non

341 730 538 784 audierit,
571 732 624 770 sit
655 730 730 770 tibi
762 732 977 780 tamquam
1008 727 1196 769 ethnicus
1226 731 1264 769 et
1285 728 1559 781 publicanus.
1602 742 1696 770 cum
1727 731 1829 770 haec

341 813 420 841 non
453 799 599 840 seceris
633 810 738 851 quae
771 797 1031 851 praeceperit
1069 797 1258 838 dominus
1297 797 1400 847 fieri,
1447 810 1541 839 cum
1581 812 1660 840 non
1700 799 1834 840 solum

341 870 385 908 tu
419 868 577 922 in<ter>
598 869 638 908 tc
673 868 714 909 et
744 880 816 909 nos
839 880 917 909 non
938 867 1159 914 monueris,
1202 867 1349 919 quibus
1381 867 1668 919 praesentibus
1701 867 1836 908 Atha-

345 938 503 978 nasium
537 951 662 978 unum
697 950 717 978 e
749 936 865 978 nobis
898 935 1166 977 conuinceres
1197 948 1315 976 reum
1348 935 1488 986 fuisse,
1538 936 1613 977 sed
1651 936 1839 989 coegeris
1861 949 1892 972 10

345 1020 437 1047 eum
464 1006 698 1047 inauditum
740 1019 763 1047 a
801 1005 919 1047 nobis
960 1005 1147 1046 damnari
1188 1005 1557 1047 consacerdotibus
1598 1006 1696 1048 suis,
1745 1018 1839 1046 cuni

346 1076 381 1115 ei
405 1075 660 1116 audientiam
684 1074 917 1117 abstuleris,
942 1074 1147 1126 quomodo
1170 1086 1243 1115 nos
1264 1074 1309 1113 tu
1329 1074 1437 1115 iuste
1460 1075 1613 1127 poteris
1635 1075 1840 1118 incusare.

344 1144 454 1196 quod
478 1144 585 1184 enim
608 1143 905 1196 deliquerimus
926 1143 967 1183 in
989 1143 1043 1192 te,
1077 1142 1179 1183 nihil
1200 1143 1346 1183 horum
1368 1143 1661 1184 mandatorum
1685 1143 1839 1184 domini

344 1227 439 1255 cum
471 1213 739 1266 impleueris‘?
771 1225 843 1253 cur
875 1225 948 1254 nos
979 1213 1066 1253 tam
1099 1212 1247 1253 infeste
1280 1212 1554 1265 persequeris.
1589 1224 1683 1253 cuni
1706 1212 1840 1264 magis

343 1284 389 1323 tu
422 1283 478 1324 sis
508 1295 605 1324 reus
636 1282 1020 1336 praeuaricationis,
1055 1282 1122 1334 qui
1155 1281 1325 1322 minime
1359 1281 1472 1322 circa
1503 1294 1576 1322 nos
1615 1281 1736 1334 prout
1765 1280 1841 1322 tibi
1862 1297 1894 1322 15

346 1352 462 1394 dedit
493 1352 691 1393 mandata
724 1352 790 1393 dei
822 1352 967 1393 unicus
989 1350 1100 1392 filius
1125 1350 1272 1403 egeris,
1307 1350 1382 1391 sed
1406 1350 1475 1403 qui
1497 1351 1618 1403 prout
1638 1350 1843 1403 placuerit

344 1422 510 1463 inimico
534 1421 671 1462 nostro
696 1421 860 1462 diabolo
884 1421 1036 1462 cuncta
1056 1419 1267 1473 gesseris?
1297 1419 1411 1461 illius
1435 1419 1586 1460 etenim
1611 1419 1673 1460 est
1695 1419 1842 1459 huius-

345 1490 457 1531 modi
489 1490 721 1539 consilium,
753 1490 867 1531 illius
897 1490 996 1530 talis
1027 1489 1233 1538 uoluntas,
1274 1489 1321 1529 ut
1359 1488 1571 1529 inauditus
1605 1488 1837 1535 damnetun

347 1560 394 1600 ut
425 1560 573 1601 absens
596 1559 886 1608 interficiatun
920 1559 965 1599 ut
986 1557 1217 1599 innocentis
1240 1570 1360 1598 cruor
1382 1557 1600 1601 fundatur:
1634 1570 1729 1598 cum
1751 1568 1842 1602 non,

342 1630 525 1682 inquam,
559 1641 647 1668 rem
681 1628 814 1681 egeris
848 1640 895 1669 eo
931 1628 1055 1669 modo
1090 1640 1169 1680 quo
1202 1627 1371 1668 iusserit
1408 1627 1449 1667 te
1484 1638 1607 1680 agere
1640 1625 1842 1668 dominus.
1867 1639 1899 1664 20

347 1698 459 1739 fuisti
492 1710 616 1739 ausus
648 1697 828 1750 perferre
863 1696 915 1737 ad
936 1696 1104 1737 beatam
1128 1695 1363 1745 ecclesiam,
1396 1695 1510 1736 fuisti
1535 1707 1659 1736 ausus
1683 1694 1845 1734 dicere:

343 1767 535 1819 peccauit
574 1766 844 1808 Athanasius
885 1768 922 1806 et
961 1765 1072 1807 debet
1118 1764 1169 1806 ab
1208 1764 1399 1806 omnibus
1444 1765 1534 1806 eius
1571 1763 1845 1805 condemnari

347 1836 595 1877 communio.
636 1834 709 1875 sed
742 1834 841 1887 quid
875 1834 1012 1875 dicere
1044 1833 1298 1886 temptabis?
1344 1834 1392 1874 in
1422 1833 1543 1874 deum
1574 1833 1775 1885 deliquit:
1807 1832 1848 1872 et

347 1917 444 1946 ecce
476 1903 651 1944 inueniri
683 1915 759 1944 non
794 1903 931 1955 potest
963 1903 1073 1955 quod
1104 1903 1143 1943 in
1178 1902 1300 1943 deum
1334 1901 1568 1955 deliquerit,
1603 1901 1636 1942 si
1668 1900 1837 1953 quidem

346 1985 478 2026 neque
510 1973 556 2013 tu
588 1985 720 2025 neque
753 1971 1026 2024 consacrilegi
1056 1972 1118 2011 tui
1150 1971 1224 2012 filii
1247 1971 1479 2011 meretricis
1512 1970 1697 2011 haeresis
1719 1969 1837 2011 Arri·
1867 1979 1900 2005 25

348 2055 450 2083 anae
495 2042 663 2095 possitis
701 2041 831 2082 testes
879 2040 1042 2081 admitti
1089 2040 1233 2081 contra
1279 2039 1531 2080 catholicum
1580 2039 1831 2091 episcopum.

348 2111 537 2153 dominus
571 2111 721 2151 etenim
753 2109 1003 2162 loquebatur
1045 2108 1095 2149 de
1136 2108 1269 2149 tribus
1309 2108 1526 2149 catholicis
1563 2107 1755 2157 testibus,
1791 2106 1841 2146 de

347 2180 479 2221 seruis
510 2179 743 2221 maiestatis
778 2191 891 2228 suae,
941 2179 988 2219 ut
1018 2177 1101 2218 illis
1142 2177 1333 2218 crederet
1372 2177 1496 2219 beata
1535 2176 1726 2227 ecclesia7
1766 2188 1845 2216 non

347 2249 466 2290 uobis
498 2249 694 2304 profanis,
742 2261 790 2290 ex
831 2247 1036 2289 adulterio
1077 2246 1127 2288 de
1158 2246 1377 2287 meretrice
1409 2246 1529 2287 natis.
1591 2245 1778 2286 ceterum
1812 2245 1846 2286 si

347 2330 425 2358 non
465 2318 524 2359 ita
562 2317 846 2371 acceperimus
888 2315 1041 2358 domini
1081 2315 1194 2356 istud
1233 2315 1523 2368 praeceptum,
1570 2314 1764 2367 poterunt
1803 2313 1846 2353 et
1869 2323 1902 2347 2³0

348 2385 514 2427 Saturni
556 2387 679 2439 atque
722 2386 904 2427 omnium
937 2384 1145 2426 idolorum
1185 2384 1366 2425 cultores
1407 2382 1568 2423 admitti
1601 2383 1745 2424 contra
1777 2381 1843 2422 dei

491 2535 508 2568 1
534 2534 661 2569 Matth.
690 2535 744 2576 18,
774 2534 905 2569 15——17

417 2658 438 2690 4
464 2657 573 2691 adhuc
600 2668 665 2692 om.
692 2669 712 2691 v
829 2657 849 2690 9
874 2658 909 2690 te
936 2657 1029 2690 inter
1052 2656 1112 2690 uel
1136 2666 1212 2689 eum
1237 2655 1328 2689 inter
1351 2656 1388 2688 tc
1412 2655 1505 2689 coni.
1531 2654 1722 2695 Latmius,
1748 2656 1787 2687 tu
1812 2654 1846 2687 in

349 2731 384 2762 te
416 2728 449 2762 V
561 2708 707 2760 moueris
839 2726 880 2759 10
906 2725 1127 2759 conuincercs
1153 2726 1245 2760 coni.
1272 2725 1466 2787 patimus,
1493 2724 1699 2758 conuincens
1732 2725 1764 2759 V

351 2795 529 2840 quoegeris
622 2795 666 2828 23
682 2777 851 2829 ‘ceint-abis
870 2798 896 2837 (¹²
912 2805 959 2828 m·
978 2796 1063 2838 rec.)
1159 2793 1201 2827 25
1218 2793 1312 2848 filiae
1420 2792 1463 2827 26
1480 2775 1604 2836 pdsitis
