1934 3278
575 239 629 274 De
655 241 776 273 sancto
801 238 996 274 Athanasio
1021 238 1109 273 liber
1132 239 1160 273 Ι.
1541 240 1618 282 141

122 367 400 420 adpropiauit
430 367 542 408 enim
562 366 753 408 salutare
774 379 911 407 meum
933 366 1137 407 aduenire
1157 369 1193 408 et
1219 365 1510 408 misericordia
1531 379 1621 408 mea

123 436 317 478 reuelari.
350 435 493 477 beatus
522 435 595 476 uir
632 435 706 488 qui
743 434 851 487 facit
880 447 972 475 eam
1010 437 1049 476 et
1085 434 1205 476 homo
1243 435 1317 487 qui
1355 433 1628 487 amplectitur

123 518 227 556 eam,
267 504 443 546 sabbata
480 517 572 546 mea
612 516 700 545 non
736 503 922 555 uiolare,
968 504 1206 545 custodiens
1243 516 1397 546 manus
1433 515 1533 545 suas
1571 517 1625 545 ne

122 573 257 625 faciat
286 573 539 623 iniustitias,
588 572 630 614 et
666 572 840 613 iterum:
887 584 972 614 non
1012 575 1072 614 est
1107 573 1291 626 qaudere
1319 573 1480 626 impiis,
1518 572 1622 614 dicit

93 654 109 679 ⁵
126 640 338 684 dominus.
389 641 578 684 exclama
606 642 655 682 in
685 641 855 693 uirtute,
895 654 946 682 ne
967 653 1140 694 parcas.
1192 642 1301 682 sicut
1330 640 1451 682 tubae
1481 639 1621 682 exalta

124 722 264 752 uocem
295 712 413 751 tuam
442 712 478 752 et
509 710 726 752 adnuntia
753 709 911 762 populo
942 722 1028 751 meo
1049 712 1229 762 peccata
1257 722 1400 751 eorum
1421 711 1458 750 et
1478 709 1624 751 domui

125 778 250 820 Iacob
280 779 528 831 iniquitates
558 791 671 820 suas.
711 791 775 819 me
805 778 853 820 de
889 778 958 819 die
987 778 1036 819 in
1065 778 1177 819 diem
1208 780 1419 831 quaerunt
1448 779 1487 818 et
1516 777 1623 819 scire

123 847 220 889 uias
251 860 365 890 meas
395 848 558 900 uolunt,
591 849 807 900 tamquam
830 846 1020 901 populus
1050 848 1124 901 qui
1154 847 1367 889 iustitiam
1403 846 1549 899 fecerit
1586 848 1624 887 et

121 916 328 958 iudicium
358 916 426 958 dei
454 929 541 958 non
570 915 847 970 dereliquerit.
903 918 1057 968 petunt
1093 930 1121 958 a
1159 930 1223 957 me
1261 930 1374 958 nunc
1414 916 1621 958 iudicium

73 994 106 1019 10
122 986 281 1027 iustum
317 988 354 1027 et
393 985 653 1039 appropiare
689 986 764 1027 deo
806 985 1063 1028 desiderant.
1125 998 1270 1039 quam,
1310 985 1464 1035 infelix,
1506 997 1621 1038 spem

123 1054 275 1097 habere
316 1055 455 1108 potes,
503 1055 581 1097 nisi
619 1054 919 1108 paenitentiam
964 1054 1171 1096 malorum
1210 1056 1378 1096 tuorum
1415 1054 1624 1096 factorum

125 1123 271 1176 egeris,
320 1136 415 1165 cum
456 1123 603 1165 audias
644 1123 768 1165 deum
809 1123 972 1165 dicere:
1019 1137 1104 1166 non
1142 1127 1199 1166 est
1228 1125 1412 1177 qaudere
1443 1124 1621 1176 impiis?

125 1193 195 1232 aut
216 1192 388 1246 negabis
408 1193 451 1233 te
473 1192 647 1246 impium
670 1192 736 1233 dei
757 1192 975 1242 cultorem,
1008 1205 1104 1234 cum
1124 1193 1167 1234 te
1188 1205 1268 1235 non
1291 1205 1418 1247 neges
1440 1194 1620 1235 fusorem

124 1261 364 1314 sanguinis?
398 1261 547 1304 deinde
580 1262 628 1311 si,
668 1262 855 1315 tempore
887 1262 1134 1304 ieiuniorum
1175 1262 1363 1304 subditos
1396 1262 1494 1316 quia
1524 1275 1621 1315 per-

72 1343 104 1367 15
122 1330 329 1371 cusserint
358 1331 508 1384 pugnis
541 1331 582 1372 et
604 1330 697 1372 aliis
718 1330 962 1372 iniuriarum
983 1331 1206 1384 generibus
1230 1331 1443 1379 laeserint,
1477 1332 1623 1373 contra

124 1410 194 1441 eos
226 1399 465 1442 huiusmodi
497 1399 803 1453 increpationes
834 1399 1008 1453 protulit
1040 1399 1156 1449 deus,
1191 1400 1357 1453 qualem
1380 1402 1526 1442 contra
1547 1413 1621 1443 nos

122 1467 383 1520 protulisset,
432 1468 466 1510 si
505 1468 651 1510 contra
696 1468 921 1521 praecepta
968 1468 1134 1510 diuinae
1181 1469 1483 1522 magnitudinis
1531 1469 1621 1511 eius

123 1535 417 1578 damnaremus
448 1537 683 1578 inauditum
717 1537 931 1579 absentem
965 1537 1006 1578 et
1035 1537 1204 1590 quidem
1225 1538 1519 1580 innocentem?
1551 1552 1623 1580 nec

122 1605 159 1646 si
187 1604 329 1655 flectas
358 1609 406 1647 ut
444 1606 653 1648 circulum
692 1607 892 1648 ceruicem
929 1609 1048 1648 tuam
1083 1610 1122 1648 et
1153 1607 1338 1649 cilicium
1376 1611 1413 1649 et
1444 1608 1620 1650 cinerem

70 1693 104 1719 πο
123 1673 375 1729 substernas,
408 1688 481 1718 nec
511 1676 572 1718 sic
592 1675 797 1717 uocabitis
817 1675 1029 1717 ieiunium
1051 1678 1279 1729 acceptum.
1319 1676 1528 1718 cernimus
1550 1689 1628 1731 per

122 1744 226 1785 hanc
260 1743 627 1788 comminationem
658 1744 815 1798 quanta
846 1756 937 1786 esse
970 1744 1102 1798 possit
1124 1745 1327 1787 aduersus
1359 1759 1432 1788 nos
1456 1746 1523 1788 dei
1544 1747 1621 1790 ira.

123 1814 155 1855 si
178 1814 441 1855 innocentem
465 1814 771 1856 damnaremus.
806 1814 981 1863 sienim,
1003 1814 1190 1867 tempore
1207 1814 1455 1856 ieiuniorum
1472 1816 1622 1869 pugnis

123 1882 311 1925 subditos
334 1883 450 1925 nobis
471 1883 619 1938 <quia>
638 1883 981 1936 percusserimus,
998 1883 1141 1924 taliter
1158 1882 1399 1936 indignatur
1416 1883 1621 1933 dominus,

124 1952 276 2005 quanto
308 1952 458 2005 magis.
491 1952 525 1993 si
559 1952 648 1993 eius
679 1951 862 1993 cultores
892 1951 1242 1993 mactauerimus!
1296 1951 1330 1993 si
1360 1952 1511 2006 pugnis
1543 1965 1620 1994 non

72 2035 104 2061 2⁵
122 2020 223 2062 licet
244 2021 344 2062 mihi
366 2021 584 2074 percutere
608 2019 798 2061 subditos
819 2020 1006 2072 tempore
1027 2019 1288 2069 ieiuniorum,
1321 2020 1474 2073 poterit
1493 2020 1622 2062 licere

124 2090 270 2144 quouis
299 2091 487 2143 tempore
527 2089 668 2142 gladio
700 2090 917 2142 percutere
949 2089 1292 2130 consacerdotem
1323 2092 1492 2131 meum?
1538 2103 1620 2131 non

123 2159 207 2201 tale
228 2159 436 2200 ieiunium
459 2158 574 2212 eleqi,
596 2158 702 2199 dicit
717 2157 926 2205 dominus,
950 2157 1020 2199 sed
1041 2157 1155 2199 solue
1172 2158 1445 2212 obliyationes
1460 2158 1622 2200 uiolen-

125 2230 259 2269 torum
297 2229 629 2276 contractorum;
674 2226 837 2268 dimitte
883 2226 1119 2279 confractos
1162 2227 1212 2268 in
1256 2227 1544 2268 remissionem
1584 2230 1619 2267 el

124 2309 287 2337 omnem
327 2295 674 2348 conscriptionem
714 2295 911 2348 iniquam
948 2295 1189 2348 disrumpe;
1227 2294 1380 2347 franqe
1418 2295 1622 2336 esurienti

74 2378 277 2417 sopanem
308 2367 427 2406 tuum
458 2367 495 2406 et
525 2376 668 2418 eqenos
705 2365 779 2416 qui
810 2364 903 2405 sine
933 2366 1033 2405 tecto
1064 2366 1163 2405 sunt
1199 2363 1329 2405 induc
1367 2364 1415 2404 in
1455 2363 1622 2405 domum

259 2502 279 2535 4
304 2502 361 2536 Es.
386 2501 440 2543 57,
466 2500 507 2534 21
533 2519 579 2525 -—
603 2499 659 2540 58,
684 2498 705 2532 2
846 2498 888 2532 12
912 2498 957 2533 ib.
983 2499 1037 2542 57,
1063 2499 1102 2532 21
1247 2498 1288 2533 18
1313 2498 1358 2532 ib.
1384 2498 1438 2533 58.
1465 2499 1485 2531 5

123 2561 166 2595 26
191 2560 236 2595 ib.
263 2560 318 2595 58.
344 2559 374 2593 6.
402 2559 420 2592 7

194 2685 209 2718 1
239 2685 424 2738 salutarem
565 2683 585 2714 ἴ)
610 2682 697 2716 tuba
730 2683 922 2725 Sabutum,-
954 2681 1004 2719 ὡς
1036 2682 1195 2723 σάλπιγγι
1230 2682 1382 2721 ὒψωσον
1414 2680 1531 2715 LXX

126 2766 144 2798 7
171 2766 205 2799 in
232 2765 287 2799 die
411 2764 453 2798 13
479 2765 646 2798 cultorum
782 2764 822 2797 16
850 2742 1120 2817 increpationi}
1147 2764 1182 2804 (⁸
1210 2774 1251 2797 m.
1279 2762 1361 2801 rec.)
1470 2760 1513 2795 23
1540 2761 1619 2805 quia

531 2819 553 2829 n-

125 2856 261 2890 addidi
354 2855 395 2889 27
422 2833 552 2891 ieiunio⁴
577 2858 686 2897 (corr.
713 2867 754 2890 m.
783 2858 816 2897 1)
912 2853 956 2888 28
981 2854 1198 2888 remisionem
