1934 3278
288 234 338 275 18
938 227 1139 263 Luciferi

287 358 380 408 iste,
413 357 534 398 cuius
567 367 702 397 sermo
743 355 789 396 ut
820 366 970 395 cancer
1009 354 1051 395 in
1090 354 1132 395 te
1174 353 1398 395 fortissime
1442 353 1547 395 adeo
1580 354 1790 407 serpserit,

287 427 334 468 ut
363 426 477 467 totus
507 425 593 466 iam
624 436 774 465 cancer
808 436 900 465 esse
932 423 1138 472 cernaris3
1173 435 1248 464 1166
1274 422 1431 476 poteris
1465 423 1606 465 dicere
1637 423 1680 464 te
1712 436 1792 465 non

287 494 396 537 Arrii
427 505 675 535 cancerasse
707 503 956 541 sermonem,
997 503 1094 532 cum
1134 491 1241 533 fetor
1273 491 1578 534 cancerationis
1607 493 1706 533 tuae
1740 491 1794 533 ad

288 575 452 604 omnem
482 560 721 615 peruenerit
751 560 870 614 regni
900 559 963 600 tui
993 559 1134 601 locum
1167 560 1209 601 et
1240 559 1382 601 cuncti
1411 560 1454 602 te
1486 560 1621 602 uitare
1655 560 1792 602 statu-

290 631 457 681 erimus,
498 643 548 671 ne
583 630 623 671 et
654 629 732 682 ipsi
764 629 881 682 peste
912 629 987 669 tua
1018 628 1195 670 Arriana
1225 641 1559 671 canceraremur.
1621 629 1695 679 sic,
1726 629 1793 670 in-

290 713 427 753 quam,
462 699 604 740 sectus
637 698 701 739 est
734 697 858 750 atque
889 697 1103 750 proiectus
1124 698 1222 738 tuus
1243 697 1447 751 magister
1469 697 1629 747 Arrius,
1662 698 1709 738 ut
1732 697 1796 739 est

288 770 428 810 sectus
463 768 504 809 et
532 766 717 808 reiectus
750 765 972 816 Sabellius,
1007 765 1078 818 qui
1109 765 1234 807 fuerit
1266 779 1392 807 ausus
1423 779 1551 808 unam
1584 779 1674 808 esse
1696 779 1795 819 per-

290 850 434 880 sonam
464 836 627 889 patrem
661 835 702 876 et
732 834 867 875 filium
901 834 942 875 et
973 834 1167 888 spiritum
1199 835 1392 876 sanctum
1426 834 1664 885 defendere,
1698 835 1796 888 quia

290 906 414 948 suerit
456 916 581 946 ausus
624 903 762 945 dicere
802 903 940 956 ipsum
982 903 1062 945 sibi
1107 904 1148 945 et
1186 904 1350 957 patrem
1391 917 1483 946 esse
1517 905 1558 945 et
1589 903 1722 945 filium
1756 904 1797 945 et

289 974 480 1027 spiritum
507 973 720 1020 sanctum;
756 972 919 1013 excisus
942 972 1017 1022 est,
1053 972 1151 1025 quia
1171 972 1310 1014 dicere
1332 986 1412 1015 non
1437 972 1652 1023 dubitarit,
1686 973 1798 1026 quod

290 1043 398 1085 enim
420 1042 509 1096 ipse
532 1042 650 1095 pater
671 1041 713 1082 in
734 1042 853 1083 utero
875 1041 1051 1094 uirginis
1079 1041 1323 1083 incarnatus
1346 1042 1401 1084 sit
1424 1042 1465 1083 et
1485 1041 1612 1083 fuerit
1632 1054 1794 1095 passus.

289 1112 346 1153 sic
366 1111 555 1153 Marcion
574 1123 617 1152 se
643 1110 828 1151 excisum
845 1110 1034 1163 proiecit,
1060 1110 1130 1163 qui
1148 1111 1331 1152 noluerit
1350 1111 1418 1153 dei
1434 1110 1569 1152 filium
1586 1111 1798 1152 hominem

289 1180 526 1234 suscepisse
570 1178 760 1220 confiteri
805 1178 855 1220 de
895 1178 1014 1220 utero
1056 1179 1231 1233 uirginis
1275 1180 1317 1222 et
1353 1192 1427 1234 per
1466 1181 1544 1221 hoc
1586 1179 1798 1221 hominem

289 1249 460 1290 sactum.
522 1248 581 1289 sic
617 1248 780 1289 excisus
814 1248 878 1289 631
911 1248 1035 1301 atque
1072 1249 1261 1291 abiectus
1293 1249 1466 1291 Paullus
1498 1248 1797 1291 Samosatenus

288 1317 453 1359 Photini
486 1316 689 1370 magister
721 1330 741 1358 e
774 1329 945 1370 corpore
980 1317 1199 1367 ecclesiae,
1243 1318 1341 1371 quia
1370 1317 1497 1359 fuerit
1530 1317 1668 1359 dicere
1702 1317 1796 1371 dig-

289 1388 411 1428 natus
443 1385 654 1428 hominem
684 1385 849 1426 tantum
882 1384 950 1426 dei
981 1384 1128 1427 filium.
1163 1386 1220 1428 sic
1254 1387 1296 1428 et
1317 1387 1564 1428 cunctarum
1586 1386 1798 1428 sectarum

288 1455 490 1497 haeretici
521 1454 618 1496 sunt
648 1454 841 1507 praecisi,
873 1454 920 1495 ut
952 1454 1016 1496 est
1046 1455 1192 1497 Arrius
1223 1455 1438 1509 praecisus
1470 1455 1599 1508 utque
1631 1454 1691 1505 tu,
1727 1454 1799 1508 qui

287 1524 519 1578 propterea,
554 1523 665 1576 quod
698 1523 814 1564 dicas
849 1522 899 1564 de
932 1522 1000 1564 dei
1031 1524 1154 1566 unico
1186 1524 1295 1566 fih'o:
1327 1525 1468 1578 factus
1500 1526 1561 1565 est
1590 1537 1638 1565 ex
1660 1523 1797 1565 nihilo

289 1596 328 1634 et
347 1607 432 1635 non
453 1596 511 1634 est
532 1605 659 1634 ueras
681 1591 811 1645 filias,
834 1594 925 1633 erat
946 1592 1116 1644 quando
1139 1606 1223 1634 non
1244 1596 1347 1644 erat,
1373 1592 1558 1634 exscindi
1580 1592 1796 1634 merueris.

290 1661 440 1703 exscisi
470 1661 600 1715 igitur
633 1660 735 1702 estis
768 1659 912 1702 cuncti
942 1659 1177 1714 blasphemi
1212 1661 1337 1714 atque
1369 1661 1518 1702 reiecti
1548 1661 1705 1702 uirtute
1731 1661 1798 1702 dei

291 1731 340 1771 de
375 1730 556 1772 ecclesia
589 1729 677 1771 61113
710 1729 974 1779 clementiae,
1008 1730 1108 1783 quia
1137 1743 1217 1772 non
1250 1731 1412 1772 fueritis
1443 1730 1484 1771 in
1509 1743 1558 1771 ea
1579 1730 1798 1771 manentes

289 1799 385 1848 fide,
418 1799 458 1839 in
493 1811 574 1851 qua
604 1798 836 1839 manserint
865 1798 1129 1851 patriarchae
1151 1800 1377 1852 prophetae
1402 1798 1579 1851 apostoli
1613 1811 1658 1839 ac
1682 1811 1797 1839 mar-

289 1867 414 1921 tyres.
475 1868 599 1908 homo
633 1866 795 1907 excisus
828 1879 923 1907 cum
956 1867 1145 1908 omnibus
1169 1867 1521 1920 comblasphemis
1542 1867 1626 1908 tuis
1660 1880 1679 1908 e
1703 1879 1798 1908 cor-

289 1948 387 1989 pore
421 1935 593 1977 sanctae
626 1935 846 1985 ecclesiae,
879 1935 1021 1976 iacens
1052 1935 1092 1976 in
1116 1936 1271 1978 diaboli
1295 1936 1470 1986 sentina,
1505 1935 1634 1976 audes
1659 1935 1798 1977 dicere

293 2004 346 2044 ad
378 2017 491 2045 eam:
526 2008 607 2046 esto
639 2004 739 2045 talis
769 2008 816 2046 at
846 2019 940 2047 sam
972 2018 1055 2059 690,
1088 2019 1167 2058 quo
1190 2010 1329 2058 possis
1362 2005 1443 2046 tali
1474 2005 1624 2058 confici
1646 2005 1799 2056 morbo,

291 2086 370 2124 quo
401 2086 494 2113 sum
526 2075 565 2114 et
595 2073 683 2124 ipse
714 2076 998 2125 consumptas.
1061 2073 1120 2115 sic
1156 2074 1472 2115 existiniaueras
1505 2086 1579 2114 1103
1610 2073 1798 2126 potuisse

289 2140 506 2182 uobiscum
543 2141 778 2191 conuenire,
810 2141 1028 2194 tamquam
1049 2154 1129 2183 non
1150 2142 1427 2184 retineremus
1452 2142 1604 2183 dixisse
1626 2142 1799 2184 beatum

293 2208 508 2250 Paullum:
538 2211 828 2262 praecipimus
860 2214 1000 2252 autem
1022 2211 1152 2262 uobis,
1175 2212 1344 2264 fratres,
1378 2213 1426 2253 in
1448 2213 1616 2253 nomme
1636 2211 1799 2253 domini

290 2278 426 2318 nostre)
457 2278 555 2319 Iesu
582 2278 758 2329 Christi,
791 2282 837 2320 ut
858 2279 1119 2322 subtrahatis
1150 2293 1224 2322 uos
1245 2281 1296 2322 ab
1318 2282 1435 2323 omni
1455 2281 1592 2332 fratre
1615 2281 1798 2332 inquiete

291 2345 535 2388 ambulante
568 2349 604 2388 et
635 2360 724 2388 non
754 2348 983 2389 secundam
1025 2349 1299 2390 traditionem
1329 2363 1458 2403 quam
1490 2352 1740 2400 acceperunt
1771 2363 1799 2390 a

290 2414 418 2456 nobis.
451 2427 557 2467 quae
592 2415 758 2457 efficere
789 2416 984 2469 potuerat
1014 2417 1134 2467 ratio,
1175 2418 1222 2458 ut
1254 2418 1497 2459 deserentes
1536 2418 1650 2457 uiam
1691 2429 1797 2469 quae

295 2482 411 2523 ducit
456 2484 507 2524 ad
555 2484 768 2526 caelorum
812 2497 942 2538 regna
980 2486 1412 2539 conprehenderemus
1458 2486 1643 2526 uestram
1691 2498 1797 2538 quae

428 2585 471 2618 28
497 2585 529 2618 Π
555 2585 673 2620 Thess.
700 2586 732 2621 3.
761 2588 781 2621 6

359 2675 380 2708 3
406 2687 562 2710 sermono
588 2678 680 2712 coni.
712 2679 940 2712 Gallaud'ias
1036 2679 1055 2711 5
1081 2690 1341 2713 canceraremus
1361 2680 1452 2713 coni.
1478 2679 1707 2713 Gallandms

295 2731 334 2764 11
361 2732 452 2765 6111111
476 2734 514 2776 V,
540 2734 646 2767 etiam
671 2746 691 2767 υ·
786 2735 828 2768 12
852 2734 1008 2769 Marcion
1027 2747 1061 2769 se
1080 2737 1226 2780 serilosi,
1251 2736 1460 2769 marcionem
1484 2737 1533 2770 Vv
1631 2736 1672 2769 18
1698 2736 1798 2769 unico

292 2788 351 2832 (0ae
375 2799 484 2822 unoco
510 2794 615 2831 corr.)
643 2791 713 2825 filio
741 2793 777 2832 V,
804 2792 947 2826 consilio
977 2804 993 2826 1,·
1087 2792 1222 2827 excindi
1315 2792 1358 2825 20
1385 2793 1507 2826 excissi
1525 2804 1543 2827 2·
1638 2792 1682 2825 23
1708 2803 1798 2826 cum-

291 2844 503 2889 blasphomis
598 2847 640 2881 26
666 2849 739 2892 nos}
767 2859 835 2882 non
862 2860 880 2883 z?

1817 982 1850 1006 10

1818 1329 1851 1355 15

1818 1671 1851 1696 20

1818 2014 1852 2040 25

1818 2357 1851 2381 30
