1934 3278
299 270 373 299 XVI

299 382 463 424 Nicolai
488 382 661 436 Rigaltii
692 383 871 423 mortem
905 381 981 424 Ph.
1006 382 1246 424 Priorius
1279 383 1412 425 denuo
1445 384 1504 425 ita
1537 385 1649 438 typis
1681 385 1813 439 inpri-

302 452 453 493 menda
486 452 661 500 curauit,
696 451 743 492 ut
773 451 950 492 aliorum
983 463 1143 504 quoque
1165 451 1413 505 scriptorum
1436 453 1811 496 ecclesiasticorum

295 521 422 563 libros
465 521 658 573 adderet,
707 531 880 572 quorum
913 519 1113 561 ultimum
1145 521 1280 562 locum
1314 519 1601 565 Commodiani
1632 522 1812 565 instruc-

296 589 431 631 tiones
464 588 654 631 obtinent
687 589 746 630 sic
778 588 1024 642 inscriptae:

346 680 652 724 “Commodiani
680 681 978 723 instructiones
1002 681 1200 723 aduersus
1234 682 1425 735 gentium
1449 683 1554 726 deos.
1599 684 1679 726 Pro
1703 684 1814 726 chri-

295 750 434 791 stiana
457 750 686 804 disciplina.
719 750 920 804 Tempore
946 749 1137 791 Siluestri
1160 750 1204 793 P.
1229 751 1278 792 R.
1302 751 1378 792 sub
1403 751 1671 794 Constantino
1696 752 1810 795 Caes.

295 820 560 872 compositae.
624 820 749 861 Nunc
789 821 973 873 primum
1017 819 1127 873 typis
1170 821 1409 872 mandatae,
1457 820 1564 863 Cura
1600 823 1640 863 et
1672 822 1810 863 studio

294 889 459 930 Nicolai
491 887 666 942 Rigaltii
698 900 793 929 cum
826 888 1008 929 eiusdem
1040 886 1187 930 Notis.⁷

351 981 467 1023 Haec
498 981 533 1022 si
567 982 657 1034 quis
688 993 836 1034 parum
870 983 989 1023 caute
1022 981 1195 1036 legerit,
1245 994 1325 1022 non
1364 984 1499 1034 potest
1535 994 1616 1024 nou
1650 983 1811 1036 opinari

294 1051 382 1092 illic
415 1052 487 1092 aut
516 1051 650 1104 ipsam
684 1051 906 1092 editionem
938 1050 1168 1103 principem
1191 1050 1368 1104 Rigaltii
1400 1052 1473 1093 aut
1499 1052 1609 1093 certe
1643 1052 1809 1094 similli-

294 1133 408 1161 mum
442 1122 529 1161 eius
561 1120 774 1172 exemplar
797 1119 926 1160 oculis
949 1119 1036 1160 suis
1060 1119 1216 1173 offerri;
1250 1132 1424 1173 quorum
1447 1123 1643 1162 neutrum
1666 1134 1811 1163 uerum

295 1192 368 1230 est.
417 1189 526 1231 Nam
548 1189 758 1242 Rigaltius
781 1191 871 1229 tum
905 1189 987 1230 iam
1012 1188 1231 1230 duodecim
1266 1190 1387 1230 annis
1421 1192 1517 1231 ante
1548 1189 1639 1232 uita
1671 1191 1808 1232 deces-

295 1259 404 1299 serat
436 1259 478 1299 et
509 1257 661 1299 Priorii
695 1257 822 1298 editio
856 1269 935 1298 non
967 1256 1167 1310 primam,
1216 1258 1286 1298 sed
1320 1257 1494 1299 alteram
1526 1258 1809 1311 Rigaltianam

294 1328 353 1368 ita
384 1327 680 1380 repraesentat,
714 1329 774 1376 ut,
807 1326 877 1368 ubi
909 1326 960 1368 ab
993 1326 1066 1367 illa
1097 1326 1291 1379 diuergit,
1325 1327 1569 1379 plerumque
1601 1327 1699 1368 noui
1723 1328 1809 1369 edi-

294 1396 396 1438 toris
443 1396 601 1437 incuria
645 1407 813 1437 causam
860 1396 1078 1437 sustineat.
1141 1394 1202 1436 Cf.
1245 1394 1630 1450 Sitzungsberichte
1677 1395 1810 1437 XCVI

294 1479 332 1519 p.
366 1466 464 1507 463.

352 1547 405 1588 Et
436 1547 578 1588 tamen
610 1547 706 1588 huic
739 1546 887 1588 tertiae
918 1547 1183 1600 potissimum
1217 1545 1387 1587 editioni
1418 1545 1600 1588 ludibrio
1630 1548 1809 1599 quodam

294 1615 484 1657 fortunae
524 1615 719 1669 contigit,
768 1618 815 1657 ut
852 1616 1039 1657 subolem
1071 1616 1173 1657 satis
1207 1615 1390 1669 amplam
1421 1618 1684 1670 propagaret.
1746 1615 1807 1657 Ac

293 1684 429 1737 prima
460 1684 629 1738 quidem
662 1685 778 1726 illinc
809 1685 1023 1726 deriuatur
1065 1685 1191 1726 editio
1234 1684 1574 1733 instructionum,
1628 1696 1730 1738 quae
1764 1684 1809 1726 in

292 1753 506 1795 uolumine
538 1754 701 1795 XXVII
732 1754 987 1795 Maximae
1018 1753 1387 1796 bibliothecae
1419 1755 1586 1807 patrum
1610 1753 1807 1808 Lugduni

293 1835 398 1864 anno
439 1823 547 1865 1672
590 1823 698 1876 typis
734 1823 922 1877 inpressa
959 1825 1043 1877 est3
1091 1823 1237 1865 deinde
1263 1822 1809 1875 Schurzfleischiana,

294 1892 614 1946 Dauisiana,
668 1892 1049 1944 Gallandiana,
1104 1892 1152 1933 de
1203 1892 1354 1944 quibus
1405 1891 1712 1944 disputauimus
1765 1892 1808 1932 in

294 1959 677 2014 Sitzungsberichte
718 1959 853 2003 XCVI
892 1974 930 2014 p.
963 1960 1047 2002 463
1080 1973 1139 2015 sq.
1202 1961 1385 2002 Eandem
1425 1960 1537 2002 uiam
1578 1962 1809 2013 sequuntur

294 2029 494 2070 editiones
542 2030 886 2072 Pisaurensis
937 2030 995 2079 (in
1036 2030 1294 2071 collectionis
1334 2029 1595 2071 Pisaurensis
1627 2031 1728 2071 tom.
1771 2029 1807 2070 V

246 2115 249 2118 ·
292 2109 398 2139 anno
435 2097 544 2139 1766
578 2099 658 2152 ed.)
695 2102 735 2140 et
767 2099 1078 2152 Augustana
1114 2099 1174 2151 (in
1207 2099 1252 2139 P.
1277 2098 1483 2140 Dominici
1507 2098 1676 2140 Schram
1707 2110 1805 2140 ana-

292 2167 395 2220 lysis
427 2178 595 2219 operum
628 2181 659 2209 s.
687 2181 718 2208 s.
752 2171 918 2220 patrum
941 2168 1040 2209 tom.
1068 2167 1126 2208 VI
1149 2179 1255 2209 311110
1280 2168 1391 2210 1784
1413 2169 1511 2220 ed).
1558 2168 1649 2209 Non
1672 2167 1805 2221 magis

294 2235 418 2277 editio
449 2236 722 2289 Migneana
754 2237 939 2291 (Migne,
973 2237 1125 2292 patrol.
1159 2249 1236 2278 ser.
1268 2238 1340 2278 lat.
1364 2238 1464 2278 tom.
1490 2237 1544 2291 V)
1567 2249 1671 2279 anno
1697 2236 1807 2278 1844

291 2305 465 2347 Parisiis
488 2305 663 2360 uulgata
684 2306 960 2359 antiquiorem
982 2306 1141 2348 fontem
1163 2307 1469 2361 repraesentat3
1494 2319 1590 2347 nam
1612 2305 1807 2359 religiose

293 2373 457 2415 Dauisii
490 2375 532 2416 et
563 2375 778 2418 Gallandii
815 2387 972 2416 errores
1020 2377 1160 2416 seruat
1203 2375 1327 2427 atque
1358 2374 1522 2428 repetit,
1570 2375 1640 2428 qui
1679 2374 1807 2428 ipsius

292 2443 466 2496 Rigaltii
497 2443 751 2485 editionibus
781 2444 981 2498 inspectis
1015 2443 1134 2486 facile
1167 2445 1393 2497 potuerunt
1425 2444 1649 2486 emendari.

349 2536 479 2578 Paulo
512 2536 724 2578 meliorem
758 2537 822 2577 cst
851 2537 1066 2591 ingressus
1098 2536 1209 2577 uiam
1243 2535 1560 2578 Franciscus
1594 2535 1802 2585 Oehle1·‚

292 2605 361 2656 qui
405 2604 690 2647 Commodiani
737 2605 1030 2647 instructiones
1073 2606 1114 2646 in
1154 2605 1432 2646 bibliothecae
1473 2605 1639 2659 patrum
1672 2604 1803 2645 eccle-

292 2672 557 2716 siasticorum
597 2674 906 2717 Gersdorfianae
945 2674 1159 2716 uolumine
1191 2673 1297 2714 XIII
1339 2686 1445 2715 anno
1481 2673 1587 2715 1847
1629 2672 1803 2714 edendas

292 2743 465 2783 curauit.
519 2744 632 2784 13111
667 2743 965 2785 commentario
999 2757 1045 2785 ex
1085 2743 1273 2796 priorum
1316 2742 1543 2783 editionum
1584 2742 1802 2795 farragine,

292 2822 395 2862 quae
427 2812 547 2853 utilia
580 2813 848 2863 uidebantur,
897 2813 998 2854 satis
1036 2812 1258 2865 prudenter
1291 2811 1490 2864 excerptis
1525 2810 1727 2852 nonnulla
1757 2822 1801 2850 ex

292 2892 366 2920 sua
407 2879 591 2922 doctrina
636 2882 807 2923 addidit.
862 2883 977 2923 Idem
1019 2882 1287 2923 Berolinense
1327 2880 1554 2922 editionum
1596 2878 1801 2932 Rigaltia-
