1934 3278
1521 213 1636 243 XXXI

131 325 312 379 probare
345 337 387 366 es
408 327 558 378 potens
590 324 681 378 (qui
713 323 821 365 enim
851 323 1129 374 coniecturae,
1161 336 1287 377 quam
1307 325 1348 365 in
1371 325 1636 367 adnotatione

140 392 333 447 proposui
375 393 497 446 quod,
539 392 754 446 praestare
793 392 925 446 puto).
957 417 1015 423 —
1048 393 1144 443 232,
1190 391 1241 436 19
1280 393 1471 435 inuenies
1510 394 1637 447 quid

141 465 263 516 (quae
294 461 349 515 V)
393 464 429 504 te
467 474 548 515 pro
587 462 721 503 tantis
760 461 1027 513 consequitur
1065 462 1227 504 meritis
1267 461 1354 516 (ubi
1385 462 1637 504 indicatiuus

143 530 300 571 nullam
348 529 614 571 offensionem
654 529 808 571 habere
854 529 1044 582 exempla
1083 529 1234 571 indicis
1278 543 1316 584 p.
1349 530 1429 572 367
1468 530 1637 578 docent;

144 598 346 639 audacius
377 597 566 640 Latinius
596 611 704 651 quae
733 623 788 628 —
820 601 1131 651 consequentur,
1166 598 1299 640 Tih‘us
1329 613 1436 652 quae
1457 625 1512 629 -
1542 613 1638 640 con-

137 668 326 721 sequitur
353 667 535 724 (poena)
571 666 870 720 coniecerunt).
906 692 954 698 —
989 666 1086 718 282,
1117 666 1146 708 4
1174 671 1219 709 ut
1250 667 1397 709 uideas
1426 681 1531 720 quae
1562 668 1639 710 ad-

139 736 218 778 huc
247 749 376 790 super
405 736 488 778 illa
516 750 648 790 quae
681 738 820 789 (quem
842 734 898 788 V)
931 736 1021 777 iam
1052 736 1289 790 eoqnouisti
1316 737 1488 791 qesserit
1509 738 1641 779 Anti-

140 804 266 847 ochus
299 805 414 860 (244,
448 804 502 846 14
532 818 638 857 quae
668 805 783 846 reete
814 817 853 855 v,
885 818 1005 857 quem
1035 804 1071 845 V
1105 805 1147 846 et
1177 805 1273 855 257,
1306 805 1332 848 9
1362 819 1643 859 quaecumque

140 886 177 924 v,
209 887 512 927 quamcumque
532 872 604 926 V).
625 899 679 904 -
706 872 802 923 303,
838 874 857 914 1
891 873 965 926 qui
995 872 1064 914 uel
1094 873 1203 926 quod
1231 886 1304 927 pro
1334 887 1427 927 quo.
1463 899 1511 905 —
1550 874 1641 924 129,

140 941 196 984 30
227 942 267 983 et
300 941 393 992 179,
428 941 479 983 17
511 943 585 995 qui
618 942 738 996 (quia
769 941 837 994 V).
885 942 1031 983 contra
1063 942 1158 991 151,
1195 942 1247 984 14
1279 943 1381 995 quia
1411 967 1467 974 —
1498 943 1571 996 qui
1603 943 1645 984 et

144 1009 238 1061 170,
272 1011 325 1052 29
357 1011 430 1063 qui
454 1035 509 1040 —
540 1011 644 1064 quia
673 1010 757 1051 iam
788 1023 868 1052 non
898 1010 1028 1060 tento,
1061 1023 1136 1052 nee
1167 1011 1236 1061 57,
1268 1012 1323 1053 23
1353 1012 1456 1064 quia
1485 1035 1542 1042 —-
1571 1013 1644 1065 qui

139 1079 330 1122 Latinius
374 1080 537 1121 tentare
586 1078 777 1128 debebat,
827 1091 932 1132 quae
976 1078 1114 1120 omnia
1150 1078 1340 1121 uariandi
1372 1079 1510 1122 studio
1542 1081 1644 1122 satis

143 1148 430 1190 defendantur.
485 1149 527 1190 et
574 1147 714 1190 nescio
757 1160 806 1189 an
848 1149 917 1198 52,
958 1147 984 1189 6
1030 1148 1106 1189 hae
1164 1147 1429 1191 distinetione
1486 1149 1644 1191 codicis

143 1217 349 1271 scriptura
379 1218 512 1259 teneri
542 1217 698 1271 possit:
730 1218 798 1259 cut
828 1218 934 1259 uicit
962 1217 1063 1258 deus
1092 1217 1208 1271 reqi‘?
1240 1231 1385 1270 nempe
1415 1217 1576 1265 Achab,
1607 1219 1645 1259 ei

142 1286 214 1339 qui
254 1300 346 1327 eum
386 1286 674 1339 dereliquerat,
718 1286 791 1339 qui
821 1284 963 1327 Baali
994 1288 1032 1326 et
1071 1286 1264 1327 omnibus
1294 1287 1527 1328 daemoniis
1558 1300 1643 1328 ser—

142 1355 235 1397 uire
266 1355 403 1397 Israel
434 1356 601 1409 fecerat.
647 1356 815 1409 Quia?
851 1355 936 1410 (eui
958 1354 1136 1406 conieci)
1157 1358 1385 1407 propterea
1407 1355 1646 1397 auxiliatus

143 1427 201 1465 est
248 1437 393 1477 nempe
437 1427 485 1465 ut
528 1424 720 1466 erederet.
775 1425 880 1477 quia
912 1442 964 1460 =
997 1438 1072 1465 cur
1118 1424 1284 1477 saepius
1335 1424 1375 1465 in
1422 1424 1646 1466 enuntiatis

145 1493 442 1546 principalibus
474 1494 695 1535 inuenitur.
720 1518 771 1524 —
796 1493 892 1543 232,
917 1493 971 1535 26
1003 1492 1191 1548 (obuiam
1217 1493 1390 1546 iremus)
1424 1493 1499 1534 tibi
1528 1493 1646 1534 siccis

139 1570 295 1620 parato
340 1567 535 1621 faucibus
581 1568 638 1610 ad
681 1567 919 1624 no[bi]smet
957 1567 1154 1620 nobisque
1186 1567 1414 1621 (nobiseum
1448 1566 1500 1619 V)
1538 1580 1646 1609 com-

145 1643 292 1684 missos
329 1643 675 1692 transuorandos,
715 1642 739 1682 i.
785 1655 817 1682 e.
881 1654 955 1683 nos
988 1642 1029 1682 et
1060 1653 1130 1682 eos
1171 1641 1241 1694 qui
1287 1640 1404 1682 nobis
1434 1642 1646 1684 commissi

147 1711 253 1752 sunt.
297 1723 391 1752 cum
431 1710 763 1763 simplicissimos
804 1723 964 1752 errores
1002 1721 1079 1751 non
1112 1709 1377 1762 dispicerent,
1426 1709 1559 1752 Tilius
1590 1711 1647 1751 ad

144 1781 303 1822 nosmet
330 1780 542 1821 nobiseum
563 1780 815 1828 commissos,
840 1777 1089 1822 Gallandius
1113 1778 1171 1820 ad
1191 1777 1392 1820 nobismet
1413 1780 1647 1821 commissos

145 1848 362 1890 nobiseum
408 1847 675 1900 seripserunt.
729 1847 855 1889 simili
901 1846 1061 1889 ratione
1110 1847 1175 1897 11,
1208 1846 1234 1888 3
1272 1849 1340 1899 qm
1379 1847 1499 1889 modo
1537 1847 1578 1889 in
1610 1848 1646 1889 V

147 1916 281 1958 ortum
305 1917 380 1967 est,
409 1917 528 1958 euius
548 1916 640 1958 loco
665 1916 799 1958 Tilius
819 1916 1019 1969 quomodo
1039 1915 1237 1969 reposuit,
1262 1915 1371 1969 quod
1394 1928 1473 1957 non
1495 1916 1645 1958 falsum

148 1985 223 2035 est,
264 1985 338 2026 sed
378 1986 546 2039 propius
577 1985 735 2027 codicis
768 1984 919 2026 duetus
951 1984 1137 2026 accedit:
1178 1998 1363 2037 quonam
1394 1985 1511 2026 modo
1542 1986 1646 2027 resi-

145 2057 341 2095 steremus
373 2057 519 2095 eontra
549 2053 776 2096 diabolum.
810 2054 951 2107 itaque
982 2054 1051 2103 22,
1084 2054 1111 2096 3
1142 2053 1357 2106 quomod
1368 2067 1391 2094 ο
1424 2056 1569 2107 (quam
1589 2054 1645 2106 V)

147 2125 222 2163 tua
254 2123 416 2164 astutia
450 2125 726 2176 potueramus
766 2123 892 2176 capi?
944 2122 1012 2165 ubi
1056 2122 1178 2164 facile
1216 2122 1308 2175 quis
1339 2137 1423 2176 qua
1454 2122 1646 2171 coniciat,

149 2190 190 2231 et
234 2191 331 2241 233,
377 2191 434 2232 24
476 2205 692 2245 quorum
743 2193 963 2246 (quoniam
998 2192 1053 2244 V)
1103 2205 1179 2234 nos
1223 2192 1416 2244 cupimus
1462 2191 1648 2232 inueniri

145 2259 378 2312 participes
422 2258 625 2311 Latinius,
678 2260 746 2311 87,
779 2260 834 2302 22
879 2261 1078 2314 quomodo
1121 2272 1168 2302 ex
1209 2261 1377 2313 quando
1416 2272 1524 2300 man.
1563 2272 1645 2300 rec.

147 2326 173 2367 l.
206 2327 261 2369 26
300 2341 427 2381 usque
466 2342 546 2381 quo
586 2341 634 2370 ex
674 2342 801 2383 usque
839 2330 1009 2383 quando
1047 2342 1156 2371 man.
1191 2330 1226 2370 1.
1274 2328 1559 2372 restituerunt.
1608 2327 1647 2368 et

148 2395 216 2445 96,
260 2396 311 2437 17
359 2400 395 2438 et
440 2397 602 2450 factum
647 2401 706 2440 est
752 2399 959 2451 quando
1008 2398 1226 2451 (quomodo
1258 2396 1312 2450 V)
1361 2399 1521 2449 tempus
1559 2398 1649 2437 erat

148 2461 372 2516 legendum
406 2477 497 2507 esse
530 2465 767 2519 suspicatus
807 2479 912 2516 sum,
952 2479 1205 2520 quamquam
1247 2465 1289 2506 id
1321 2465 1456 2506 minus
1487 2465 1647 2506 certum

151 2531 215 2572 est
246 2533 315 2586 (es.
348 2533 417 2584 45,
450 2534 506 2576 20
541 2549 628 2577 non
658 2536 803 2577 statim
833 2535 1033 2589 quomodo
1070 2535 1218 2588 fuisset
1255 2534 1357 2576 deus
1394 2533 1647 2585 derelictus).

149 2600 217 2649 88,
243 2601 291 2642 11
317 2613 465 2644 manus
490 2604 526 2645 1.
563 2603 655 2657 ipsa
684 2604 853 2656 quando
884 2603 1063 2646 correxit
1092 2603 1204 2644 linea
1233 2602 1475 2644 transuersa
1505 2601 1649 2643 uando

150 2670 436 2723 expungendo,
477 2671 524 2712 ut
554 2671 639 2725 legi
669 2670 854 2713 uoluisse
884 2670 1071 2725 putanda
1102 2671 1168 2719 sit,
1213 2670 1323 2724 quod
1354 2682 1433 2712 non
1464 2670 1648 2723 ineptum

150 2735 226 2777 sit:
277 2741 354 2779 aut
399 2740 609 2793 numquid
658 2753 744 2782 non
792 2740 874 2781 eris
920 2739 1046 2782 Sauli
1095 2739 1409 2792 conparandus,
1460 2739 1548 2792 qui
1592 2738 1651 2778 sis

150 2805 213 2847 ita
262 2807 456 2861 iuqulare
504 2809 678 2862 cupiens
730 2809 1020 2851 innocentem?
1064 2834 1117 2841 —
1167 2807 1300 2850 semel
1343 2807 1370 2849 h
1411 2825 1461 2844 =
1493 2805 1560 2847 hic
1610 2805 1648 2846 in
