1934 3278
21 543 89 568 (Z'od.
110 542 284 568 Mediomon-

23 579 108 603 tanus
128 577 175 602 uel
196 576 280 602 Chel-

19 610 214 638 tenhamensis
229 609 290 637 20.

304 280 389 309 VIII

305 392 492 447 Pignorii
514 392 736 445 Patauini⁷,
770 404 850 434 non
882 392 966 434 iam
1000 392 1147 434 exstat.
1181 391 1240 434 Cf.
1264 392 1421 434 Ernest.
1446 391 1589 435 Ludw.
1621 394 1664 434 in
1700 407 1818 447 prae-

305 462 379 503 fat.
409 462 458 503 ad
491 461 680 503 instruct.
713 473 750 514 p.
785 460 858 502 XI.

362 530 412 571 In
443 530 522 571 hac
554 530 673 571 tanta
703 528 885 570 fatorum
917 529 1140 583 iniquitate
1174 530 1248 580 est,
1288 542 1359 571 cur
1390 530 1507 572 nobis
1539 532 1817 584 gratulemur,

306 600 414 652 quod
445 599 569 640 codex
590 598 952 640 Mediomontanus
978 599 1365 652 (Middlehillensis)
1392 602 1570 641 aetatem
1601 601 1714 653 tulit,
1749 602 1821 655 qui

307 668 350 709 in
372 668 556 720 catalogo
580 667 755 709 Haeneli
787 668 842 720 (p.
870 667 972 721 861)
1004 668 1046 708 in
1077 668 1194 710 libris
1217 668 1564 711 Meermannianis
1586 669 1644 710 sic
1667 670 1820 711 descri-

308 736 443 778 bitur:
470 735 774 778 ‘Commodiani
806 736 1105 778 Instructiones
1138 749 1212 790 per
1243 738 1406 779 litteras
1438 750 1630 780 uersuum
1663 740 1822 791 primas

308 819 379 847 seu
403 805 604 860 uersibus,
638 805 708 858 qui
733 806 927 847 dicuntur
959 806 1266 856 acrostichides,
1299 819 1394 849 cum
1426 807 1675 860 quibusdam
1705 808 1821 849 aeni—

308 875 530 928 gmatibiiS,
563 886 667 916 saec.
699 874 774 927 XI,
807 873 1167 917 membranaceus?

365 943 489 985 Hunc
512 956 605 985 cum
627 945 822 985 uniuersa
842 943 1095 986 bibliotheca
1114 943 1455 986 Mediomontana
1473 943 1819 987 Cheltenhamum

310 1012 562 1054 translatum
595 1012 851 1054 Ernestus
883 1013 1116 1066 Ludwig,
1150 1013 1392 1066 priusquam
1417 1014 1600 1054 carmina
1625 1011 1820 1055 Commo-

309 1081 422 1122 diani
454 1080 603 1132 ederet,
636 1081 680 1121 in
702 1094 821 1123 usum
843 1094 963 1123 suum
986 1083 1222 1122 conuertere
1254 1084 1425 1123 conatus
1458 1083 1542 1131 est;
1575 1081 1646 1123 sed
1679 1094 1820 1134 sump-

310 1149 446 1201 tibus,
493 1150 563 1203 qui
594 1162 666 1203 pro
708 1150 830 1191 uenia
869 1150 1073 1191 librorum
1117 1150 1561 1193 Cheltenhamensium
1598 1150 1820 1203 inspicien-

309 1221 455 1261 dorum
487 1219 596 1274 exigi
627 1220 781 1268 solent,
829 1219 1051 1261 deterritus
1093 1219 1256 1273 incepto
1297 1220 1474 1261 destitit.
1528 1218 1615 1270 Quo
1662 1219 1821 1260 factum

310 1289 385 1338 est,
416 1289 464 1330 ut
487 1289 610 1330 editio
635 1289 719 1330 eius
742 1291 908 1343 propter
940 1290 1095 1330 ceteras
1127 1289 1304 1331 uirtutes
1339 1290 1565 1331 admodum
1597 1287 1822 1330 laudabilis

310 1358 482 1399 certiore
515 1360 654 1400 tamen
686 1359 822 1399 textus
855 1358 1142 1400 conformandi
1173 1358 1446 1400 fundamento
1480 1359 1629 1400 careat.

367 1426 600 1481 Insignitus
634 1429 697 1468 est
729 1426 851 1468 codex
883 1426 954 1468 ille
988 1426 1096 1468 hunc
1130 1427 1171 1468 in
1205 1427 1395 1469 modum:
1422 1426 1529 1468 'cod
1563 1427 1822 1468 Mediomon-

307 1495 432 1537 tanus
458 1494 566 1537 1825
590 1494 970 1547 (Meermannianus
995 1495 1126 1547 708)'.
1168 1495 1311 1537 Prima
1333 1495 1483 1550 uiginti
1506 1497 1700 1549 quattuor
1723 1494 1824 1536 folia

308 1563 525 1606 continent
570 1563 856 1606 Commodiani
902 1564 1226 1613 inst1·ucti0nes;
1276 1577 1299 1606 a
1344 1565 1442 1606 folio
1489 1564 1545 1606 25
1592 1565 1824 1618 sequuntur

308 1633 553 1675 tetrasticha
585 1633 805 1675 enchiridii
835 1633 1121 1681 Prudentiani,
1156 1647 1330 1687 quorum
1362 1633 1545 1687 primum
1580 1633 1823 1675 inscribitur

310 1701 462 1743 ‘Adam
485 1703 527 1744 et
550 1700 661 1743 Eua?
710 1702 823 1744 Haec
846 1702 1108 1756 excipiuntur
1139 1704 1383 1757 aenigmatis
1417 1703 1630 1757 sexaginta
1652 1702 1825 1758 duobus,

309 1783 484 1824 quorum
516 1771 764 1813 Haenelium
797 1773 837 1813 in
869 1772 1057 1826 catalogo
1098 1773 1356 1814 mentionem
1396 1772 1529 1814 facere
1569 1784 1693 1825 supra
1736 1783 1824 1812 me—

310 1841 565 1883 morauimus
585 1840 653 1893 15).

370 1909 588 1951 Accedunt
620 1910 768 1951 deinde
798 1910 842 1950 in
874 1911 1017 1952 eodem
1049 1909 1185 1952 codice
1218 1910 1299 1952 alia
1331 1912 1546 1963 quaedam,
1580 1921 1681 1963 quae
1713 1922 1825 1951 com-

314 1991 541 2021 memorare
572 1979 745 2032 longum
777 1981 852 2019 est.

372 2048 450 2090 Hic
492 2047 617 2089 codex
658 2049 699 2088 in
739 2046 1084 2089 instructionibus
1116 2046 1401 2089 Commodiani
1434 2049 1480 2089 ut
1514 2046 1670 2089 multas
1704 2047 1827 2088 affert

312 2117 507 2159 lectiones
530 2117 600 2166 eis,
634 2129 737 2170 quae
768 2117 810 2157 in
841 2116 1039 2158 editiones
1070 2119 1260 2170 receptae
1290 2116 1400 2171 sunt,
1424 2115 1826 2169 praestantioresffi),

312 2186 373 2227 ita
405 2186 594 2239 plurimis
627 2188 667 2227 et
699 2185 950 2227 foedissimis
990 2186 1123 2227 scatet
1162 2185 1335 2227 mendis.
1392 2184 1499 2226 Nam
1539 2185 1823 2239 praeterquam

316 2257 423 2308 quod
454 2254 721 2296 librariorum
753 2254 911 2295 incuria
943 2254 1009 2295 uel
1049 2254 1219 2296 inscitia
1265 2254 1424 2295 factum
1461 2256 1541 2304 est,
1585 2255 1631 2295 ut
1669 2253 1827 2305 saepis-

316 2323 420 2365 sime
452 2324 580 2365 uerba
610 2323 683 2365 aut
713 2323 832 2364 miris
864 2323 1000 2364 modis
1034 2323 1362 2364 deformarentur
1395 2324 1467 2363 aut
1499 2323 1666 2364 omnino
1700 2322 1828 2364 omit-

317 2392 522 2443 terentur,
568 2404 618 2433 ne
657 2392 1026 2444 interpolationum
1070 2392 1237 2445 quidem
1279 2391 1428 2432 desunt
1469 2391 1674 2445 exempla,
1721 2390 1828 2444 quod

317 2460 625 2515 deprauationis
656 2474 788 2516 genus
821 2461 1019 2502 facillime
1053 2461 1325 2514 cognoscitur,
1358 2459 1429 2502 ubi
1451 2462 1672 2502 uerborum
1695 2458 1829 2500 abun—

318 2531 460 2571 dantia
498 2529 657 2571 iustum
697 2529 866 2571 modurn
906 2541 1046 2570 uersus
1080 2529 1240 2570 excedit
1273 2528 1387 2569 uelut
1418 2528 1459 2567 Π
1496 2528 1561 2579 14,
1592 2528 1640 2581 43
1681 2529 1748 2580 21,
1781 2528 1828 2580 23

316 2599 385 2651 32,
423 2599 486 2640 10.
1513 2645 1515 2647 ,

377 2667 634 2720 Scripturam
673 2667 852 2721 primam
893 2666 1047 2708 codicis
1090 2670 1164 2708 aut
1206 2667 1350 2708 eadem
1387 2678 1535 2707 manus
1583 2666 1656 2707 aut
1700 2666 1829 2706 altera-

318 2736 527 2777 interdum
551 2738 736 2778 correxit.
784 2737 970 2777 Alterius
1002 2739 1141 2777 autem
1175 2749 1320 2777 manus
1355 2735 1660 2777 emendationes
1692 2736 1732 2775 et
1754 2735 1828 2776 ad-

378 2849 414 2890 15)
443 2850 492 2883 De
519 2850 649 2883 eisdem
675 2850 751 2893 egit
776 2849 894 2884 Guil.
920 2849 1069 2894 Meyer
1096 2849 1119 2882 1.
1146 2860 1173 2883 c.
1200 2859 1232 2892 p.
1257 2849 1335 2882 413.

379 2906 415 2949 ³⁶)
443 2907 496 2940 Cf.
524 2906 852 2951 Sitzungsberichte
879 2906 979 2942 CVII
1006 2917 1038 2949 p.
1067 2906 1133 2940 742
1159 2916 1233 2949 sqq.
