1934 3278
560 261 778 297 Moriendum
803 272 879 297 esse
902 271 964 306 pro
989 261 1045 297 dei
1070 262 1154 297 fflio.
1527 264 1610 307 295

110 386 273 438 docent,
305 386 351 428 tu
384 386 531 428 contra
562 385 640 428 deo
673 385 858 440 dignaris
888 386 1126 429 interficere
1161 387 1335 430 dicatos.
1385 387 1611 430 Christiani

109 455 162 498 ad
200 454 452 508 placandum
493 467 616 508 quem
656 454 833 496 colimus
871 455 935 497 his
973 456 1098 498 rebus
1141 468 1242 510 opus
1283 469 1375 499 0330
1418 457 1610 499 nouimus

108 524 257 579 quibus
295 524 413 566 illum
455 523 656 566 delectari
689 535 735 564 ac
768 523 954 577 gaudere
987 524 1155 567 scimus.
1208 525 1242 567 si
1280 525 1407 579 igitur
1445 526 1611 579 placere

109 593 362 635 censendum
396 594 459 635 est
489 604 611 646 posse
645 592 721 634 deo
754 591 868 646 quod
898 592 1023 642 facis,
1062 606 1203 635 omnes
1235 606 1309 636 nos
1341 594 1504 648 oportet
1533 595 1612 636 ho-

73 661 285 704 smicidas
317 674 430 712 esse,
472 661 699 715 sacrilegos
733 673 779 702 ac
812 661 1092 714 blasphemos.
1146 675 1168 704 0
1202 662 1443 712 Constanti,
1484 675 1611 716 quam

108 731 288 785 ingentis
320 731 377 773 sis
409 730 644 772 dementiae
675 729 854 777 uideris;
887 730 1140 783 conspicitur
1169 731 1382 773 ueterator
1412 731 1484 772 ille
1509 731 1611 774 sub-

108 800 215 849 tilis,
262 799 601 852 circumscriptor
646 798 929 840 innocentium
969 799 1010 840 in
1051 799 1124 840 tua
1165 800 1305 842 mente
1347 799 1492 842 sedem
1533 800 1612 842 sibi

110 868 368 919 conloca-sse,
402 869 444 910 et
476 868 689 909 arbitraris
721 880 799 909 non
831 868 874 909 te
906 867 1041 910 adhuc
1074 868 1361 922 publicatum?
1404 869 1539 911 adhuc
1571 869 1612 913 in

111 949 245 987 ouem,
278 948 373 978 cum
396 936 453 978 sis
473 936 610 990 lupus,
650 935 930 990 perfrigescis,
963 937 1009 977 tu
1042 937 1113 990 qui
1146 950 1170 978 a
1202 937 1479 979 sanctissimis
1511 949 1610 991 pro-

58 1013 91 1039 10
109 1005 246 1060 phetis
275 1005 413 1047 bestia
443 1005 683 1054 nominaris,
716 1017 740 1046 a
771 1004 1025 1046 beatissimis
1059 1005 1257 1058 apostolis
1280 1005 1396 1047 canis
1419 1018 1465 1048 ac
1488 1006 1612 1060 lupus

109 1086 258 1127 rapax,
301 1073 569 1123 subornatus,
612 1086 707 1115 cum
748 1073 805 1115 sis
844 1074 1056 1126 operarius
1097 1074 1352 1127 iniquitatis,
1396 1075 1612 1128 tamquam

110 1142 301 1184 minister
330 1143 529 1192 iustitiae,
572 1143 614 1184 et
642 1143 684 1184 te
719 1155 809 1184 esse
842 1142 1052 1185 hominem
1083 1155 1242 1191 censes,
1275 1155 1370 1185 cum
1403 1144 1506 1185 nihil
1534 1145 1612 1186 ho-

110 1211 233 1254 minis
265 1211 343 1254 nisi
373 1211 629 1253 lineamenta
661 1223 707 1253 ac
748 1223 954 1253 summam
995 1211 1174 1265 figuram
1214 1215 1367 1266 geras?
1413 1212 1531 1255 doles
1571 1213 1613 1255 te

111 1281 320 1323 inmanem
358 1281 538 1323 bestiam
579 1279 682 1330 dici,
729 1280 831 1322 nihil
869 1281 912 1321 te
951 1280 1129 1323 hominis
1170 1281 1249 1322 nisi
1287 1280 1534 1323 liniamenta
1564 1293 1612 1322 ac

61 1359 93 1386 1⁵
112 1363 319 1393 summam
350 1362 495 1404 gerere
526 1349 717 1403 figuram.
752 1349 832 1399 dic,
865 1361 1034 1403 quaeso,
1069 1362 1118 1390 an
1151 1349 1298 1403 possis,
1330 1349 1613 1392 innocentium

110 1420 401 1473 interemptor,
448 1419 596 1461 merito
641 1418 724 1460 dici
766 1418 1027 1460 Christianus
1070 1419 1112 1460 et
1152 1431 1230 1460 11011
1272 1418 1410 1472 potius
1442 1418 1613 1461 insanus

111 1489 239 1530 hebes
279 1501 508 1542 uecorsque
547 1487 678 1529 hostis
720 1487 870 1541 quippe
911 1487 979 1529 dei
1009 1487 1244 1541 religionis,
1291 1487 1332 1529 in
1365 1500 1447 1541 qua
1477 1487 1613 1541 pietas

111 1557 350 1600 humanitas
381 1557 595 1610 omnisque
626 1556 789 1598 iustitia
818 1556 1024 1606 uersatur,
1057 1557 1097 1598 in
1130 1569 1212 1610 qua
1243 1568 1318 1598 nec
1351 1556 1509 1598 malum
1539 1568 1613 1609 pro

111 1625 222 1667 malo
255 1625 430 1668 discitur
461 1625 650 1675 reddere,
682 1625 723 1666 in
747 1638 829 1678 qua
851 1637 930 1666 non
952 1625 1157 1676 occidere,
1192 1625 1267 1667 sed
1289 1625 1425 1667 occidi
1446 1626 1613 1679 propter

60 1700 93 1727 ²⁰
113 1694 181 1736 dei
211 1694 344 1736 filium
377 1694 601 1736 docemur?
632 1694 679 1735 tu
711 1693 916 1747 sacrilego
948 1694 1100 1736 conatu
1131 1695 1202 1735 tuo
1229 1695 1511 1748 contemptam
1534 1706 1615 1735 ua—

112 1775 209 1804 nam
241 1762 565 1805 dominationem
597 1763 713 1804 tuam
745 1762 1014 1804 considerans
1044 1763 1254 1804 tormenta
1286 1763 1507 1810 admoues;
1540 1762 1615 1804 sed

113 1832 177 1875 est
201 1832 411 1885 protector
435 1831 548 1882 fidei,
580 1831 833 1885 gubernator
856 1830 1017 1881 salutis,
1050 1832 1187 1873 rector
1211 1831 1455 1882 animarum,
1490 1844 1614 1885 quem

111 1913 185 1943 nos
215 1900 381 1954 inpellis
412 1912 579 1954 negare,
613 1912 775 1953 semper
806 1899 1035 1951 nobiscum,
1068 1912 1231 1954 semper
1254 1900 1375 1942 adest
1395 1900 1614 1942 certamini

113 1970 273 2020 nostro,
320 1970 390 2023 qui
431 1969 703 2024 proeliatores
744 1969 868 2022 atque
909 1969 1146 2011 adsertores
1179 1969 1309 2011 diuini
1341 1969 1405 2010 sui
1436 1967 1614 2011 nominis

63 2038 261 2093 werigat.
295 2038 389 2080 hinc
423 2039 488 2080 est
518 2038 627 2092 quod
660 2037 793 2080 seruis
824 2037 1054 2079 iniustitiae
1085 2038 1184 2079 tuae
1217 2050 1264 2080 ac
1286 2037 1504 2088 ministris,
1536 2038 1613 2079 1100

116 2108 180 2151 est
210 2107 556 2150 concarnificibus
585 2107 671 2149 tuis
700 2106 990 2160 torquentibus
1028 2108 1188 2149 stemus
1226 2107 1436 2158 fortiores,
1476 2105 1614 2148 inani-

113 2189 277 2218 mamur
308 2176 355 2217 ut
383 2177 501 2218 tuam
533 2176 731 2230 ungulam
764 2176 878 2217 artus
914 2176 1044 2217 nostri
1082 2176 1236 2229 pulsati
1278 2188 1324 2217 ac
1362 2175 1510 2217 laniati
1541 2186 1614 2216 su-

114 2246 270 2299 perent.
304 2245 511 2298 quomodo
536 2245 688 2287 etenim
708 2245 1073 2299 inexpugnabilem
1094 2245 1222 2287 fidem
1245 2256 1440 2298 superare
1463 2242 1617 2296 poterit

115 2313 306 2355 saeuiens
348 2313 417 2355 diu
458 2313 584 2367 plaga
620 2313 821 2367 repetita,
868 2326 964 2355 cum
1001 2313 1134 2356 omnis
1165 2313 1286 2355 miles
1319 2312 1474 2355 Christi
1507 2310 1615 2353 sciat

63 2381 250 2436 ”ipsum
281 2395 353 2436 pro
386 2395 466 2436 quo
498 2382 655 2436 patitur
687 2394 831 2425 secum
863 2395 956 2425 esse
987 2384 1250 2436 praesentem
1274 2381 1614 2436 gaudentemque

250 2550 291 2584 21
319 2550 360 2585 cf.
385 2549 488 2596 Cypr.
512 2550 558 2586 ib.
582 2551 662 2593 492,
689 2552 709 2584 5
734 2562 785 2596 sq.
878 2551 921 2585 23
946 2550 992 2585 cf.
1017 2551 1117 2596 Cypr.
1143 2550 1189 2585 ib.
1215 2551 1294 2591 491,
1324 2549 1366 2585 13
1390 2560 1440 2595 sq.

182 2696 204 2730 2
227 2697 437 2742 piscandum
465 2699 506 2740 V,
531 2709 595 2734 em.
620 2710 641 2734 v
757 2698 799 2733 12
824 2675 962 2742 iustiffse
988 2698 1021 2742 (u
1048 2710 1091 2732 m.
1117 2697 1197 2741 alt.)
1326 2696 1366 2732 13
1386 2700 1475 2741 post
1500 2696 1613 2732 uerba

115 2752 212 2788 doles
235 2773 282 2780 —
305 2755 452 2799 figuram
476 2766 577 2800 geras
604 2757 688 2800 (sic)
715 2767 808 2801 quae
833 2768 877 2792 m.
902 2760 922 2791 1
950 2756 1133 2800 expunxit
1159 2755 1283 2790 eadem
1309 2755 1424 2790 uerba
1449 2753 1545 2789 doles
1570 2773 1613 2780 —-

114 2817 232 2854 gerere
257 2809 403 2856 figuram
426 2815 648 2856 repetuntur
743 2813 784 2847 17
809 2823 995 2858 uecorsque
1086 2811 1130 2846 24
1148 2812 1217 2858 qui]
1237 2812 1318 2858 quia
1334 2823 1354 2847 v
1446 2811 1492 2847 25
1507 2812 1614 2847 seruis

115 2866 262 2911 scripsi,
288 2868 441 2903 seruiens
465 2870 524 2913 Vv,
550 2869 782 2904 seruientibus
807 2870 900 2905 coni.
927 2870 1108 2904 Latinius
1202 2869 1245 2904 26
1269 2868 1525 2904 hinanimamur
