1934 3278
316 251 399 294 206
973 249 1172 283 Luciferi

318 391 424 431 quae
456 377 617 419 locutus
641 379 700 418 est
719 376 916 418 dominus
938 375 987 418 ei.
1019 379 1110 417 erat
1130 379 1271 417 autem
1294 376 1463 417 Nineue
1486 376 1641 417 ciuitas
1662 390 1819 430 magma

320 447 423 488 adeo
447 446 554 487 sicut
575 446 656 487 iter
678 445 825 487 tridui.
859 447 897 486 et
911 445 1043 497 coepit
1056 444 1192 486 Ionas
1209 445 1386 486 introire
1407 446 1453 486 in
1478 446 1690 487 ciuitatem
1713 447 1820 487 sicut

320 516 399 557 iter
419 515 504 557 diei
525 515 670 568 unius,
695 518 731 556 et
751 514 1019 567 praedicauit
1040 517 1076 555 et
1097 514 1234 555 dixit:
1255 514 1393 555 adhuc
1416 515 1569 565 triduo,
1592 517 1630 556 et
1652 514 1821 556 Nineue

318 584 594 628 subuertetur.
627 587 663 625 et
680 584 948 626 crediderunt
963 583 1053 624 uiri
1069 583 1118 624 N
1116 583 1300 624 ineuitae
1317 583 1390 624 deo
1406 586 1444 624 et
1451 583 1822 636 praedicauerunt

321 654 528 695 ieiunium
559 657 595 695 et
619 654 859 695 uestierunt
877 666 919 694 se
942 653 1085 695 cilicia
1106 666 1133 693 a
1155 653 1342 694 maximo
1364 666 1492 706 usque
1515 653 1572 694 ad
1593 654 1820 695 minimum

319 736 476 764 eorum.
524 725 563 764 et
584 723 782 776 peruenit
812 723 986 764 uerbum
1017 735 1147 774 usque
1179 722 1235 763 ad
1266 736 1399 775 reyem
1430 723 1613 775 Nineue,
1654 726 1692 764 et
1722 736 1818 764 sur-

317 792 429 834 rexit
458 792 507 833 de
537 792 628 834 sede
658 805 738 833 sua
769 795 805 833 et
836 791 1012 833 abstulit
1042 807 1069 833 a
1100 805 1140 833 se
1171 791 1323 833 stolam
1343 804 1466 833 suam
1489 795 1525 834 et
1546 791 1821 834 circumdedit

318 874 359 903 se
390 861 577 903 cilicium
609 863 648 903 et
676 861 783 902 sedit
813 873 937 913 super
969 861 1162 903 cinerem.
1195 863 1234 901 ct
1253 861 1559 913 praedicatum
1589 864 1649 903 est
1679 875 1706 903 a
1726 875 1820 915 reye

321 929 489 972 Nineue
521 933 559 972 et
589 944 617 971 a
647 930 968 984 mayistratibus
998 929 1131 980 illius,
1164 930 1331 972 dicens:
1361 929 1547 972 homines
1579 933 1618 972 et
1637 932 1820 984 pecudes

318 1001 355 1040 et
385 999 503 1040 boues
534 1001 570 1040 ct
601 1012 697 1041 oues
728 998 841 1040 nihil
871 1002 1049 1052 misteria
1095 999 1166 1040 sed
1206 1012 1278 1040 nec
1316 1003 1546 1042 uescantur
1586 1003 1623 1041 et
1664 1013 1820 1053 aquam

319 1081 404 1109 non
435 1068 592 1110 bibant.
624 1071 663 1109 et
691 1069 1058 1110 circumdederunt
1087 1082 1127 1110 se
1150 1068 1292 1109 cilicia
1313 1067 1502 1111 homines
1524 1071 1561 1110 et
1582 1069 1818 1122 proclama-

319 1141 475 1182 uerunt
504 1138 689 1180 homines
728 1140 767 1179 et
788 1137 971 1191 pecudes
1010 1139 1127 1190 apud
1163 1137 1286 1179 deum
1325 1138 1547 1193 instanter,
1586 1140 1625 1179 et
1660 1139 1822 1180 reuersi

319 1213 420 1252 sunt
449 1208 735 1262 unusquisque
767 1221 795 1248 a
823 1206 901 1248 uia
939 1219 1019 1248 sua
1051 1206 1167 1248 mala
1206 1209 1243 1248 et
1274 1207 1324 1248 ab
1357 1207 1582 1260 iniquitate
1613 1221 1821 1249 manuum

318 1291 508 1330 suarum,
542 1278 746 1319 dicentes:
784 1277 880 1330 quis
910 1276 1034 1318 scibit
1070 1277 1107 1317 si
1130 1276 1422 1329 paenitebitur
1451 1278 1551 1319 deus
1592 1280 1631 1319 et
1660 1280 1821 1319 auertet

319 1347 370 1389 ab
400 1348 471 1388 ira
501 1347 664 1400 furoris
693 1346 762 1387 sui
800 1348 837 1387 et
868 1359 954 1387 non
979 1346 1250 1398 peribimus?
1310 1349 1348 1387 ct
1377 1346 1490 1388 uidit
1520 1347 1622 1388 deus
1652 1359 1820 1400 operam

322 1417 504 1470 illorum,
536 1417 640 1469 quia
671 1416 831 1457 reuersi
859 1418 962 1457 sunt
990 1416 1278 1469 unusquisque
1317 1429 1345 1457 a
1375 1416 1453 1457 uia
1483 1429 1564 1457 sua
1594 1416 1725 1460 mala.
1786 1419 1823 1457 et

311 1486 537 1539 paenituit
565 1486 688 1528 deum
719 1484 767 1526 de
797 1483 1081 1539 maliynitate‚
1116 1498 1200 1538 qua
1233 1485 1393 1527 locutus
1424 1488 1482 1527 est
1512 1485 1651 1538 facere
1682 1486 1752 1537 eis,
1786 1488 1821 1526 et

318 1568 403 1596 non
431 1554 541 1606 fecit.
583 1557 620 1596 et
651 1554 924 1596 contristatus
963 1556 1026 1595 est
1053 1553 1189 1595 Ionas
1227 1554 1408 1596 tristitia
1448 1567 1609 1609 mayna
1647 1557 1682 1595 et
1722 1567 1821 1596 con-

316 1624 589 1678 fundebatur,
636 1626 673 1665 et
712 1623 854 1665 orauit
894 1623 1012 1674 apud
1042 1623 1165 1664 deum
1195 1623 1363 1665 dicens:
1409 1637 1430 1665 o
1461 1624 1638 1679 domine,
1679 1636 1820 1665 nonne

319 1693 419 1735 haec
449 1695 549 1734 sunt
570 1693 700 1734 uerba
730 1706 837 1747 mea,
871 1705 965 1734 cum
997 1691 1134 1733 adhuc
1165 1705 1291 1734 essem
1321 1692 1370 1733 in
1399 1693 1538 1734 terra!
1576 1692 1667 1735 ideo
1692 1706 1821 1745 prac—

319 1775 624 1815 occupaueram
644 1761 787 1815 fuyere
808 1761 857 1802 in
883 1760 1074 1816 Tharsa,
1098 1762 1304 1814 quoniam
1325 1761 1436 1803 sciui
1456 1762 1559 1814 quia
1579 1764 1625 1803 tu
1646 1762 1822 1803 misera-

318 1835 384 1873 tor
413 1833 451 1872 et
481 1830 700 1872 beniuclus
712 1830 888 1883 patiens
920 1833 955 1870 et
987 1830 1225 1871 misericors
1246 1833 1284 1871 et
1303 1831 1524 1883 paenitens
1545 1830 1593 1872 in
1614 1831 1821 1884 maliyni-

319 1900 490 1955 tatibus,
524 1899 565 1940 et
584 1898 714 1940 infra:
747 1902 786 1940 et
805 1899 919 1940 dixit
940 1898 1039 1940 deus
1061 1899 1119 1940 ad
1140 1899 1316 1941 Ionam:
1347 1900 1383 1940 si
1403 1900 1531 1941 ualde
1552 1900 1822 1941 contristatus

319 1981 360 2010 cs
376 1971 421 2009 tu
437 1981 564 2021 super
586 1968 858 2018 cucurbitam,
878 1967 1003 2010 ualde
1019 1967 1292 2009 contristatus
1308 1981 1401 2009 sum
1417 1981 1545 2022 usque
1562 1968 1618 2010 ad
1633 1971 1821 2011 mortem.

319 2041 356 2080 et
387 2038 498 2079 dixit
528 2037 746 2079 dominus:
779 2039 825 2078 tu
847 2036 1077 2089 pepercisti
1109 2036 1359 2089 cucurbitae,
1393 2038 1441 2079 in
1472 2051 1558 2090 qua
1587 2051 1674 2079 non
1705 2038 1819 2079 labo-

319 2107 440 2160 rasti,
489 2120 618 2159 neque
657 2106 836 2147 nutristi
873 2119 980 2160 eam,
1026 2119 1132 2158 quae
1172 2106 1246 2148 sub
1289 2109 1404 2148 nocte
1445 2110 1551 2148 nata
1591 2110 1651 2149 est
1681 2110 1718 2149 et
1740 2121 1822 2160 per

319 2178 479 2218 noctem
501 2176 629 2229 perit.
692 2188 761 2230 690
798 2178 940 2217 autem
980 2188 1068 2216 non
1100 2188 1283 2228 parcam
1323 2176 1371 2217 in
1404 2175 1572 2218 Nineue
1603 2176 1819 2218 ciuitatem

320 2257 537 2298 maenam,
571 2245 619 2286 in
650 2258 736 2297 qua
766 2244 964 2286 habitant
993 2244 1097 2298 plus
1136 2259 1265 2298 quam
1296 2248 1459 2287 centum
1489 2245 1649 2299 uiyinti
1678 2245 1821 2286 millia

320 2312 540 2354 hominum
570 2314 643 2367 qui
664 2326 748 2354 non
769 2314 989 2356 sciuerunt
1008 2314 1222 2355 dexteram
1244 2317 1320 2355 aut
1341 2314 1597 2355 sinistram?
1629 2313 1670 2355 et
1689 2314 1819 2363 tuam,

1841 1013 1872 1037 10

1841 1358 1873 1383 15

1842 1701 1875 1726 20

1841 2042 1872 2067 25

322 2381 552 2433 Constanti,
596 2394 764 2435 operam
801 2383 1030 2436 malignam
1072 2383 1106 2424 si
1136 2383 1334 2425 reiecisse
1365 2384 1407 2425 te
1439 2383 1592 2425 uiderit
1634 2383 1749 2433 deus,
1784 2382 1815 2423 si
1840 2383 1873 2409 30

457 2565 500 2599 23
524 2566 598 2600 Ion.
623 2567 657 2607 4,
683 2567 792 2600 9-—11

392 2751 405 2782 1
429 2759 491 2792 que
586 2750 606 2783 2
625 2750 691 2785 ad&
784 2751 804 2785 3
822 2729 908 2786 unius
1002 2753 1024 2785 4
1040 2752 1189 2786 niniuite
1282 2751 1302 2784 5
1320 2750 1431 2785 cilicio
1449 2762 1469 2784 v
1562 2733 1738 2784 minimam

320 2806 341 2839 9
366 2806 513 2860 ninaeuc
609 2809 648 2842 11
666 2809 822 2844 homines
840 2812 876 2844 et
892 2809 1041 2854 pecudes
1061 2811 1095 2843 et
1110 2808 1412 2854 proclamauerunt
1426 2807 1584 2841 homines
1612 2806 1702 2851 apud
1728 2807 1819 2841 coni.

322 2862 436 2900 coleti
530 2864 571 2898 17
598 2876 698 2909 quam
725 2866 896 2902 Sabatier
989 2866 1032 2900 25
1059 2868 1093 2900 et
1118 2866 1222 2900 dixit:
1246 2865 1349 2899 ualde
1375 2865 1555 2899 Latinius
