<?xml version="1.0" encoding="UTF-8"?>
<!DOCTYPE html PUBLIC "-//W3C//DTD XHTML 1.0 Transitional//EN"
    "http://www.w3.org/TR/xhtml1/DTD/xhtml1-transitional.dtd">
<html xmlns="http://www.w3.org/1999/xhtml" xml:lang="en" lang="en">
 <head>
  <title>
</title>
<meta http-equiv="Content-Type" content="text/html;charset=utf-8" />
  <meta name='ocr-system' content='tesseract 3.04.00' />
  <meta name='ocr-capabilities' content='ocr_page ocr_carea ocr_par ocr_line ocrx_word'/>
</head>
<body>
  <div class='ocr_page' id='page_1' title='image "./corpusscriptorum14luciuoft_0454.png"; bbox 0 0 1934 3278; ppageno 0'>
   <div class='ocr_carea' id='block_1_1' title="bbox 329 275 438 305">
    <p class='ocr_par' dir='ltr' id='par_1_1' title="bbox 329 275 438 305">
     <span class='ocr_line' id='line_1_1' title="bbox 329 275 438 305; baseline 0.009 -2"><span class='ocrx_word' id='word_1_1' title='bbox 329 275 438 305; x_wconf 88' lang='lat' dir='ltr'>XVIII</span> 
     </span>
    </p>
   </div>
   <div class='ocr_carea' id='block_1_2' title="bbox 327 386 1824 920">
    <p class='ocr_par' dir='ltr' id='par_1_2' title="bbox 327 386 1824 920">
     <span class='ocr_line' id='line_1_2' title="bbox 386 386 1824 442; baseline 0.002 -15"><span class='ocrx_word' id='word_1_2' title='bbox 386 386 639 428; x_wconf 77' lang='lat' dir='ltr'><strong>Litterarum</strong></span> <span class='ocrx_word' id='word_1_3' title='bbox 671 386 799 427; x_wconf 89' lang='lat' dir='ltr'>ferme</span> <span class='ocrx_word' id='word_1_4' title='bbox 831 386 1061 428; x_wconf 83' lang='lat' dir='ltr'>minuscula</span> <span class='ocrx_word' id='word_1_5' title='bbox 1100 389 1160 428; x_wconf 85' lang='lat' dir='ltr'>est</span> <span class='ocrx_word' id='word_1_6' title='bbox 1201 387 1352 437; x_wconf 87' lang='lat' dir='ltr'>forma,</span> <span class='ocrx_word' id='word_1_7' title='bbox 1402 387 1484 428; x_wconf 88' lang='lat' dir='ltr'>nisi</span> <span class='ocrx_word' id='word_1_8' title='bbox 1523 389 1628 441; x_wconf 90' lang='lat' dir='ltr'>quod</span> <span class='ocrx_word' id='word_1_9' title='bbox 1672 389 1824 442; x_wconf 85' lang='lat' dir='ltr'>singuli</span> 
     </span>
     <span class='ocr_line' id='line_1_3' title="bbox 328 453 1823 510; baseline 0.002 -14"><span class='ocrx_word' id='word_1_10' title='bbox 328 467 471 496; x_wconf 89' lang='lat' dir='ltr'>uersus</span> <span class='ocrx_word' id='word_1_11' title='bbox 495 466 518 495; x_wconf 91' lang='lat' dir='ltr'>a</span> <span class='ocrx_word' id='word_1_12' title='bbox 536 454 713 508; x_wconf 88' lang='lat' dir='ltr'>singulis</span> <span class='ocrx_word' id='word_1_13' title='bbox 736 453 972 496; x_wconf 77' lang='lat' dir='ltr'>uncialibus</span> <span class='ocrx_word' id='word_1_14' title='bbox 1003 454 1155 497; x_wconf 89' lang='lat' dir='ltr'>litteris</span> <span class='ocrx_word' id='word_1_15' title='bbox 1186 454 1355 496; x_wconf 91' lang='lat' dir='ltr'>initium</span> <span class='ocrx_word' id='word_1_16' title='bbox 1388 455 1567 509; x_wconf 89' lang='lat' dir='ltr'>capiunt,</span> <span class='ocrx_word' id='word_1_17' title='bbox 1601 457 1694 498; x_wconf 88' lang='lat' dir='ltr'>ante</span> <span class='ocrx_word' id='word_1_18' title='bbox 1724 469 1823 510; x_wconf 87' lang='lat' dir='ltr'>quas</span> 
     </span>
     <span class='ocr_line' id='line_1_4' title="bbox 328 522 1819 577; baseline 0.001 -13"><span class='ocrx_word' id='word_1_19' title='bbox 328 525 525 576; x_wconf 90' lang='lat' dir='ltr'>punctum</span> <span class='ocrx_word' id='word_1_20' title='bbox 565 534 691 575; x_wconf 90' lang='lat' dir='ltr'>supra</span> <span class='ocrx_word' id='word_1_21' title='bbox 730 522 885 563; x_wconf 90' lang='lat' dir='ltr'>lineam</span> <span class='ocrx_word' id='word_1_22' title='bbox 929 523 1023 576; x_wconf 89' lang='lat' dir='ltr'>poni</span> <span class='ocrx_word' id='word_1_23' title='bbox 1068 523 1170 564; x_wconf 89' lang='lat' dir='ltr'>solet</span> <span class='ocrx_word' id='word_1_24' title='bbox 1215 522 1267 564; x_wconf 91' lang='lat' dir='ltr'>ad</span> <span class='ocrx_word' id='word_1_25' title='bbox 1312 535 1454 565; x_wconf 88' lang='lat' dir='ltr'>uersus</span> <span class='ocrx_word' id='word_1_26' title='bbox 1492 523 1819 577; x_wconf 86' lang='lat' dir='ltr'>distinguendos,</span> 
     </span>
     <span class='ocr_line' id='line_1_5' title="bbox 328 590 1819 645; baseline 0.002 -14"><span class='ocrx_word' id='word_1_27' title='bbox 328 591 398 644; x_wconf 90' lang='lat' dir='ltr'>qui</span> <span class='ocrx_word' id='word_1_28' title='bbox 427 593 637 644; x_wconf 88' lang='lat' dir='ltr'>praeterea</span> <span class='ocrx_word' id='word_1_29' title='bbox 669 602 747 632; x_wconf 91' lang='lat' dir='ltr'>uno</span> <span class='ocrx_word' id='word_1_30' title='bbox 780 593 921 631; x_wconf 89' lang='lat' dir='ltr'>tenore</span> <span class='ocrx_word' id='word_1_31' title='bbox 953 590 1096 644; x_wconf 86' lang='lat' dir='ltr'>scripti</span> <span class='ocrx_word' id='word_1_32' title='bbox 1127 594 1234 632; x_wconf 89' lang='lat' dir='ltr'>sunt.</span> <span class='ocrx_word' id='word_1_33' title='bbox 1266 591 1372 632; x_wconf 85' lang='lat' dir='ltr'>Raro</span> <span class='ocrx_word' id='word_1_34' title='bbox 1394 591 1590 633; x_wconf 89' lang='lat' dir='ltr'>librarius</span> <span class='ocrx_word' id='word_1_35' title='bbox 1620 605 1691 645; x_wconf 91' lang='lat' dir='ltr'>per</span> <span class='ocrx_word' id='word_1_36' title='bbox 1711 593 1819 635; x_wconf 90' lang='lat' dir='ltr'>totos</span> 
     </span>
     <span class='ocr_line' id='line_1_6' title="bbox 328 659 1824 714; baseline 0.001 -13"><span class='ocrx_word' id='word_1_37' title='bbox 328 672 470 701; x_wconf 90' lang='lat' dir='ltr'>uersus</span> <span class='ocrx_word' id='word_1_38' title='bbox 493 659 650 700; x_wconf 83' lang='lat' dir='ltr'>unciali</span> <span class='ocrx_word' id='word_1_39' title='bbox 672 659 876 713; x_wconf 90' lang='lat' dir='ltr'>scriptura</span> <span class='ocrx_word' id='word_1_40' title='bbox 901 660 1109 714; x_wconf 87' lang='lat' dir='ltr'>utebatur,</span> <span class='ocrx_word' id='word_1_41' title='bbox 1144 660 1259 701; x_wconf 91' lang='lat' dir='ltr'>uelut</span> <span class='ocrx_word' id='word_1_42' title='bbox 1290 673 1328 701; x_wconf 88' lang='lat' dir='ltr'>u.</span> <span class='ocrx_word' id='word_1_43' title='bbox 1364 659 1618 703; x_wconf 76' lang='lat'>138—140.</span> <span class='ocrx_word' id='word_1_44' title='bbox 1657 662 1824 704; x_wconf 90' lang='lat' dir='ltr'>Praeter</span> 
     </span>
     <span class='ocr_line' id='line_1_7' title="bbox 327 728 1824 783; baseline 0.001 -13"><span class='ocrx_word' id='word_1_45' title='bbox 327 729 503 782; x_wconf 85' lang='lat' dir='ltr'><strong>primam</strong></span> <span class='ocrx_word' id='word_1_46' title='bbox 534 728 692 769; x_wconf 92' lang='lat' dir='ltr'>librarii</span> <span class='ocrx_word' id='word_1_47' title='bbox 724 741 897 770; x_wconf 90' lang='lat' dir='ltr'>manum</span> <span class='ocrx_word' id='word_1_48' title='bbox 929 729 1060 770; x_wconf 89' lang='lat' dir='ltr'>altera</span> <span class='ocrx_word' id='word_1_49' title='bbox 1091 741 1251 783; x_wconf 91' lang='lat' dir='ltr'>quoque</span> <span class='ocrx_word' id='word_1_50' title='bbox 1281 730 1479 779; x_wconf 87' lang='lat' dir='ltr'>occurrit,</span> <span class='ocrx_word' id='word_1_51' title='bbox 1527 741 1631 782; x_wconf 91' lang='lat' dir='ltr'>quae</span> <span class='ocrx_word' id='word_1_52' title='bbox 1661 731 1747 772; x_wconf 89' lang='lat' dir='ltr'>siue</span> <span class='ocrx_word' id='word_1_53' title='bbox 1779 743 1824 772; x_wconf 81' lang='lat' dir='ltr'>ex</span> 
     </span>
     <span class='ocr_line' id='line_1_8' title="bbox 328 796 1824 852; baseline 0.002 -14"><span class='ocrx_word' id='word_1_54' title='bbox 328 798 414 850; x_wconf 87' lang='lat' dir='ltr'>ipso</span> <span class='ocrx_word' id='word_1_55' title='bbox 446 796 600 838; x_wconf 90' lang='lat' dir='ltr'>codicis</span> <span class='ocrx_word' id='word_1_56' title='bbox 630 797 677 842; x_wconf 89' lang='grc' dir='ltr'><strong>Μ</strong></span> <span class='ocrx_word' id='word_1_57' title='bbox 709 796 930 850; x_wconf 89' lang='lat' dir='ltr'>archetypo</span> <span class='ocrx_word' id='word_1_58' title='bbox 963 797 1050 838; x_wconf 89' lang='lat' dir='ltr'>siue</span> <span class='ocrx_word' id='word_1_59' title='bbox 1089 809 1134 838; x_wconf 87' lang='lat' dir='ltr'>ex</span> <span class='ocrx_word' id='word_1_60' title='bbox 1174 797 1255 839; x_wconf 88' lang='lat' dir='ltr'>alio</span> <span class='ocrx_word' id='word_1_61' title='bbox 1295 797 1524 850; x_wconf 75' lang='lat' dir='ltr'>antiquiore</span> <span class='ocrx_word' id='word_1_62' title='bbox 1555 798 1673 851; x_wconf 90' lang='lat' dir='ltr'>libro,</span> <span class='ocrx_word' id='word_1_63' title='bbox 1721 810 1824 852; x_wconf 88' lang='lat' dir='ltr'>quae</span> 
     </span>
     <span class='ocr_line' id='line_1_9' title="bbox 329 865 1820 920; baseline 0.002 -14"><span class='ocrx_word' id='word_1_64' title='bbox 329 867 399 906; x_wconf 89' lang='lat' dir='ltr'>aut</span> <span class='ocrx_word' id='word_1_65' title='bbox 429 877 643 919; x_wconf 80' lang='lat' dir='ltr'>perperam</span> <span class='ocrx_word' id='word_1_66' title='bbox 673 866 827 919; x_wconf 88' lang='lat' dir='ltr'>scripta</span> <span class='ocrx_word' id='word_1_67' title='bbox 857 867 928 906; x_wconf 88' lang='lat' dir='ltr'>aut</span> <span class='ocrx_word' id='word_1_68' title='bbox 950 866 1101 907; x_wconf 86' lang='lat' dir='ltr'>omissa</span> <span class='ocrx_word' id='word_1_69' title='bbox 1121 865 1300 915; x_wconf 88' lang='lat' dir='ltr'>fuerunt,</span> <span class='ocrx_word' id='word_1_70' title='bbox 1332 865 1551 919; x_wconf 79' lang='lat' dir='ltr'>diligenter</span> <span class='ocrx_word' id='word_1_71' title='bbox 1573 867 1820 920; x_wconf 81' lang='lat' dir='ltr'>corrigebat.</span> 
     </span>
    </p>
   </div>
   <div class='ocr_carea' id='block_1_3' title="bbox 330 990 1826 1115">
    <p class='ocr_par' dir='ltr' id='par_1_3' title="bbox 330 990 1826 1115">
     <span class='ocr_line' id='line_1_10' title="bbox 330 990 1826 1047; baseline 0.001 -11"><span class='ocrx_word' id='word_1_72' title='bbox 330 992 402 1036; x_wconf 89' lang='lat' dir='ltr'>De</span> <span class='ocrx_word' id='word_1_73' title='bbox 433 990 738 1036; x_wconf 81' lang='lat' dir='ltr'>editionibus</span> <span class='ocrx_word' id='word_1_74' title='bbox 777 990 1013 1036; x_wconf 80' lang='lat' dir='ltr'>carminis</span> <span class='ocrx_word' id='word_1_75' title='bbox 1045 991 1348 1047; x_wconf 79' lang='lat' dir='ltr'>apologetici</span> <span class='ocrx_word' id='word_1_76' title='bbox 1379 992 1431 1036; x_wconf 89' lang='lat' dir='ltr'>et</span> <span class='ocrx_word' id='word_1_77' title='bbox 1462 992 1826 1037; x_wconf 84' lang='lat' dir='ltr'>commentatio-</span> 
     </span>
     <span class='ocr_line' id='line_1_11' title="bbox 832 1059 1327 1115; baseline -0.006 -12"><span class='ocrx_word' id='word_1_78' title='bbox 832 1059 981 1104; x_wconf 84' lang='lat' dir='ltr'>nibus</span> <span class='ocrx_word' id='word_1_79' title='bbox 1013 1060 1327 1115; x_wconf 84' lang='lat' dir='ltr'>quibusdam.</span> 
     </span>
    </p>
   </div>
   <div class='ocr_carea' id='block_1_4' title="bbox 331 1150 1833 2644">
    <p class='ocr_par' dir='ltr' id='par_1_4' title="bbox 331 1150 1829 1810">
     <span class='ocr_line' id='line_1_12' title="bbox 386 1150 1827 1206; baseline 0.002 -15"><span class='ocrx_word' id='word_1_80' title='bbox 386 1151 565 1201; x_wconf 84' lang='lat' dir='ltr'>Primus,</span> <span class='ocrx_word' id='word_1_81' title='bbox 598 1150 645 1191; x_wconf 87' lang='lat' dir='ltr'>ut</span> <span class='ocrx_word' id='word_1_82' title='bbox 677 1150 759 1191; x_wconf 88' lang='lat' dir='ltr'>iam</span> <span class='ocrx_word' id='word_1_83' title='bbox 792 1150 984 1200; x_wconf 83' lang='lat' dir='ltr'>diximus,</span> <span class='ocrx_word' id='word_1_84' title='bbox 1016 1151 1056 1193; x_wconf 82' lang='lat' dir='ltr'>J.</span> <span class='ocrx_word' id='word_1_85' title='bbox 1081 1152 1127 1192; x_wconf 91' lang='lat' dir='ltr'>B.</span> <span class='ocrx_word' id='word_1_86' title='bbox 1153 1150 1299 1193; x_wconf 89' lang='lat' dir='ltr'>Pitra</span> <span class='ocrx_word' id='word_1_87' title='bbox 1330 1163 1494 1193; x_wconf 89' lang='lat' dir='ltr'>carmen</span> <span class='ocrx_word' id='word_1_88' title='bbox 1525 1152 1827 1206; x_wconf 88' lang='lat' dir='ltr'>apologeticum</span> 
     </span>
     <span class='ocr_line' id='line_1_13' title="bbox 332 1219 1826 1273; baseline 0.001 -13"><span class='ocrx_word' id='word_1_89' title='bbox 332 1232 376 1260; x_wconf 86' lang='lat' dir='ltr'>ex</span> <span class='ocrx_word' id='word_1_90' title='bbox 415 1219 571 1273; x_wconf 89' lang='lat' dir='ltr'>codice,</span> <span class='ocrx_word' id='word_1_91' title='bbox 619 1231 739 1272; x_wconf 91' lang='lat' dir='ltr'>quem</span> <span class='ocrx_word' id='word_1_92' title='bbox 781 1219 998 1261; x_wconf 84' lang='lat' dir='ltr'>Thomas</span> <span class='ocrx_word' id='word_1_93' title='bbox 1036 1219 1321 1272; x_wconf 90' lang='lat' dir='ltr'>Phillipps,</span> <span class='ocrx_word' id='word_1_94' title='bbox 1368 1219 1640 1262; x_wconf 81' lang='lat' dir='ltr'>bibliothecae</span> <span class='ocrx_word' id='word_1_95' title='bbox 1670 1220 1826 1262; x_wconf 90' lang='lat' dir='ltr'>Medio-</span> 
     </span>
     <span class='ocr_line' id='line_1_14' title="bbox 331 1286 1826 1342; baseline 0.001 -13"><span class='ocrx_word' id='word_1_96' title='bbox 331 1290 547 1330; x_wconf 89' lang='lat' dir='ltr'>montanae</span> <span class='ocrx_word' id='word_1_97' title='bbox 578 1286 774 1340; x_wconf 89' lang='lat' dir='ltr'>conditor,</span> <span class='ocrx_word' id='word_1_98' title='bbox 806 1287 870 1328; x_wconf 90' lang='lat' dir='ltr'>illi</span> <span class='ocrx_word' id='word_1_99' title='bbox 900 1288 1266 1341; x_wconf 83' lang='lat' dir='ltr'>peruestigandum</span> <span class='ocrx_word' id='word_1_100' title='bbox 1288 1289 1526 1339; x_wconf 86' lang='lat' dir='ltr'>tradiderat,</span> <span class='ocrx_word' id='word_1_101' title='bbox 1559 1289 1599 1329; x_wconf 90' lang='lat' dir='ltr'>in</span> <span class='ocrx_word' id='word_1_102' title='bbox 1622 1288 1826 1342; x_wconf 87' lang='lat' dir='ltr'>spicilegii</span> 
     </span>
     <span class='ocr_line' id='line_1_15' title="bbox 332 1355 1826 1399; baseline -0.001 0"><span class='ocrx_word' id='word_1_103' title='bbox 332 1356 597 1399; x_wconf 87' lang='lat' dir='ltr'>Solesmensis</span> <span class='ocrx_word' id='word_1_104' title='bbox 637 1355 850 1397; x_wconf 91' lang='lat' dir='ltr'>uolumine</span> <span class='ocrx_word' id='word_1_105' title='bbox 883 1356 902 1397; x_wconf 91' lang='lat' dir='ltr'>I</span> <span class='ocrx_word' id='word_1_106' title='bbox 942 1369 1047 1398; x_wconf 89' lang='lat' dir='ltr'>anno</span> <span class='ocrx_word' id='word_1_107' title='bbox 1082 1357 1191 1399; x_wconf 82' lang='grc'>1852</span> <span class='ocrx_word' id='word_1_108' title='bbox 1231 1356 1371 1399; x_wconf 88' lang='lat' dir='ltr'>edidit.</span> <span class='ocrx_word' id='word_1_109' title='bbox 1434 1356 1586 1398; x_wconf 82' lang='lat' dir='ltr'>Textus</span> <span class='ocrx_word' id='word_1_110' title='bbox 1634 1357 1826 1399; x_wconf 87' lang='lat' dir='ltr'>carminis</span> 
     </span>
     <span class='ocr_line' id='line_1_16' title="bbox 332 1423 1827 1480; baseline -0.001 -13"><span class='ocrx_word' id='word_1_111' title='bbox 332 1426 418 1467; x_wconf 90' lang='lat' dir='ltr'>illic</span> <span class='ocrx_word' id='word_1_112' title='bbox 448 1438 471 1466; x_wconf 87' lang='lat' dir='ltr'>a</span> <span class='ocrx_word' id='word_1_113' title='bbox 501 1425 654 1480; x_wconf 78' lang='lat' dir='ltr'>pagina</span> <span class='ocrx_word' id='word_1_114' title='bbox 686 1423 741 1466; x_wconf 81' lang='lat'>20</span> <span class='ocrx_word' id='word_1_115' title='bbox 782 1437 908 1479; x_wconf 85' lang='lat' dir='ltr'>usque</span> <span class='ocrx_word' id='word_1_116' title='bbox 949 1426 1000 1467; x_wconf 92' lang='lat' dir='ltr'>ad</span> <span class='ocrx_word' id='word_1_117' title='bbox 1032 1438 1069 1478; x_wconf 84' lang='lat' dir='ltr'>p.</span> <span class='ocrx_word' id='word_1_118' title='bbox 1103 1426 1157 1467; x_wconf 85' lang='lat'>49</span> <span class='ocrx_word' id='word_1_119' title='bbox 1196 1426 1390 1478; x_wconf 88' lang='lat' dir='ltr'>pertinet.</span> <span class='ocrx_word' id='word_1_120' title='bbox 1453 1425 1747 1468; x_wconf 87' lang='lat' dir='ltr'>Praemittitur</span> <span class='ocrx_word' id='word_1_121' title='bbox 1785 1426 1827 1467; x_wconf 92' lang='lat' dir='ltr'>in</span> 
     </span>
     <span class='ocr_line' id='line_1_17' title="bbox 332 1493 1828 1548; baseline -0.001 -12"><span class='ocrx_word' id='word_1_122' title='bbox 332 1494 628 1548; x_wconf 86' lang='lat' dir='ltr'>prolegomenis</span> <span class='ocrx_word' id='word_1_123' title='bbox 659 1507 697 1547; x_wconf 84' lang='lat' dir='ltr'>p.</span> <span class='ocrx_word' id='word_1_124' title='bbox 730 1493 1023 1536; x_wconf 83' lang='lat' dir='ltr'>XVI—XXV</span> <span class='ocrx_word' id='word_1_125' title='bbox 1057 1493 1349 1535; x_wconf 87' lang='lat' dir='ltr'>commentatio</span> <span class='ocrx_word' id='word_1_126' title='bbox 1382 1493 1564 1536; x_wconf 89' lang='lat' dir='ltr'>editoris.</span> <span class='ocrx_word' id='word_1_127' title='bbox 1609 1494 1828 1536; x_wconf 89' lang='lat' dir='ltr'>Praeterea</span> 
     </span>
     <span class='ocr_line' id='line_1_18' title="bbox 333 1562 1827 1615; baseline -0.001 -10"><span class='ocrx_word' id='word_1_128' title='bbox 333 1575 461 1605; x_wconf 87' lang='lat' dir='ltr'>nouae</span> <span class='ocrx_word' id='word_1_129' title='bbox 479 1562 659 1603; x_wconf 89' lang='lat' dir='ltr'>eiusdem</span> <span class='ocrx_word' id='word_1_130' title='bbox 676 1574 795 1603; x_wconf 88' lang='lat' dir='ltr'>curae</span> <span class='ocrx_word' id='word_1_131' title='bbox 818 1564 1073 1604; x_wconf 86' lang='lat' dir='ltr'>accesserunt</span> <span class='ocrx_word' id='word_1_132' title='bbox 1096 1563 1139 1604; x_wconf 92' lang='lat' dir='ltr'>in</span> <span class='ocrx_word' id='word_1_133' title='bbox 1157 1562 1298 1604; x_wconf 91' lang='lat' dir='ltr'>eodem</span> <span class='ocrx_word' id='word_1_134' title='bbox 1316 1562 1528 1603; x_wconf 86' lang='lat' dir='ltr'>uolumine</span> <span class='ocrx_word' id='word_1_135' title='bbox 1545 1574 1583 1615; x_wconf 87' lang='lat' dir='ltr'>p.</span> <span class='ocrx_word' id='word_1_136' title='bbox 1603 1562 1827 1605; x_wconf 83' lang='lat'>537—543</span> 
     </span>
     <span class='ocr_line' id='line_1_19' title="bbox 333 1631 1829 1685; baseline -0.001 -12"><span class='ocrx_word' id='word_1_137' title='bbox 333 1632 374 1674; x_wconf 83' lang='lat' dir='ltr'>et</span> <span class='ocrx_word' id='word_1_138' title='bbox 403 1633 444 1673; x_wconf 91' lang='lat' dir='ltr'>in</span> <span class='ocrx_word' id='word_1_139' title='bbox 475 1631 684 1673; x_wconf 87' lang='lat' dir='ltr'>uolumine</span> <span class='ocrx_word' id='word_1_140' title='bbox 714 1631 774 1672; x_wconf 91' lang='lat' dir='ltr'>IV</span> <span class='ocrx_word' id='word_1_141' title='bbox 796 1643 901 1673; x_wconf 86' lang='lat' dir='ltr'>anno</span> <span class='ocrx_word' id='word_1_142' title='bbox 928 1632 1037 1673; x_wconf 85' lang='lat'>1858</span> <span class='ocrx_word' id='word_1_143' title='bbox 1069 1632 1175 1673; x_wconf 89' lang='lat' dir='ltr'>edito</span> <span class='ocrx_word' id='word_1_144' title='bbox 1204 1644 1240 1685; x_wconf 89' lang='lat' dir='ltr'>p.</span> <span class='ocrx_word' id='word_1_145' title='bbox 1266 1631 1511 1682; x_wconf 79' lang='lat'>222—224,</span> <span class='ocrx_word' id='word_1_146' title='bbox 1544 1631 1616 1672; x_wconf 88' lang='lat' dir='ltr'>ubi</span> <span class='ocrx_word' id='word_1_147' title='bbox 1648 1634 1829 1673; x_wconf 82' lang='lat' dir='ltr'>extrema</span> 
     </span>
     <span class='ocr_line' id='line_1_20' title="bbox 334 1699 1827 1755; baseline -0.001 -13"><span class='ocrx_word' id='word_1_148' title='bbox 334 1713 427 1755; x_wconf 89' lang='lat' dir='ltr'>pars</span> <span class='ocrx_word' id='word_1_149' title='bbox 459 1699 652 1741; x_wconf 86' lang='lat' dir='ltr'>carminis</span> <span class='ocrx_word' id='word_1_150' title='bbox 675 1712 719 1740; x_wconf 78' lang='lat' dir='ltr'>ex</span> <span class='ocrx_word' id='word_1_151' title='bbox 741 1699 965 1741; x_wconf 88' lang='lat' dir='ltr'>recentiore</span> <span class='ocrx_word' id='word_1_152' title='bbox 988 1700 1168 1741; x_wconf 89' lang='lat' dir='ltr'>Thomae</span> <span class='ocrx_word' id='word_1_153' title='bbox 1190 1700 1395 1753; x_wconf 87' lang='lat' dir='ltr'>Phillipps</span> <span class='ocrx_word' id='word_1_154' title='bbox 1428 1699 1647 1741; x_wconf 87' lang='lat' dir='ltr'>collatione</span> <span class='ocrx_word' id='word_1_155' title='bbox 1678 1700 1827 1741; x_wconf 91' lang='lat' dir='ltr'>iterum</span> 
     </span>
     <span class='ocr_line' id='line_1_21' title="bbox 334 1768 634 1810; baseline -0.007 0"><span class='ocrx_word' id='word_1_156' title='bbox 334 1768 634 1810; x_wconf 87' lang='lat' dir='ltr'>recensebatur.</span> 
     </span>
    </p>

    <p class='ocr_par' dir='ltr' id='par_1_5' title="bbox 334 1836 1830 2027">
     <span class='ocr_line' id='line_1_22' title="bbox 391 1836 1830 1891; baseline -0.001 -12"><span class='ocrx_word' id='word_1_157' title='bbox 391 1839 510 1880; x_wconf 90' lang='lat' dir='ltr'>Anno</span> <span class='ocrx_word' id='word_1_158' title='bbox 549 1837 641 1889; x_wconf 86' lang='lat' dir='ltr'>post</span> <span class='ocrx_word' id='word_1_159' title='bbox 680 1837 858 1890; x_wconf 90' lang='lat' dir='ltr'>primum</span> <span class='ocrx_word' id='word_1_160' title='bbox 902 1836 1106 1891; x_wconf 88' lang='lat' dir='ltr'>spicilegii</span> <span class='ocrx_word' id='word_1_161' title='bbox 1140 1837 1408 1878; x_wconf 83' lang='lat' dir='ltr'>Solesmensis</span> <span class='ocrx_word' id='word_1_162' title='bbox 1439 1837 1634 1878; x_wconf 91' lang='lat' dir='ltr'>uolumen</span> <span class='ocrx_word' id='word_1_163' title='bbox 1673 1836 1830 1878; x_wconf 88' lang='lat' dir='ltr'>editum</span> 
     </span>
     <span class='ocr_line' id='line_1_23' title="bbox 334 1905 1829 1958; baseline -0.002 -9"><span class='ocrx_word' id='word_1_164' title='bbox 334 1906 373 1949; x_wconf 84' lang='lat' dir='ltr'>J.</span> <span class='ocrx_word' id='word_1_165' title='bbox 406 1907 451 1947; x_wconf 80' lang='lat' dir='ltr'>L.</span> <span class='ocrx_word' id='word_1_166' title='bbox 485 1907 512 1949; x_wconf 84' lang='lat' dir='ltr'>J</span> <span class='ocrx_word' id='word_1_167' title='bbox 524 1906 677 1947; x_wconf 89' lang='lat' dir='ltr'>acobi</span> <span class='ocrx_word' id='word_1_168' title='bbox 708 1905 1097 1947; x_wconf 88' lang='lat' dir='ltr'>commentationem</span> <span class='ocrx_word' id='word_1_169' title='bbox 1132 1905 1320 1958; x_wconf 86' lang='lat' dir='ltr'>scripsit,</span> <span class='ocrx_word' id='word_1_170' title='bbox 1354 1918 1430 1958; x_wconf 89' lang='lat' dir='ltr'>qua</span> <span class='ocrx_word' id='word_1_171' title='bbox 1463 1905 1694 1958; x_wconf 88' lang='lat' dir='ltr'>quaeritur,</span> <span class='ocrx_word' id='word_1_172' title='bbox 1727 1917 1829 1958; x_wconf 90' lang='lat' dir='ltr'>quae</span> 
     </span>
     <span class='ocr_line' id='line_1_24' title="bbox 334 1972 1333 2027; baseline -0.001 -10"><span class='ocrx_word' id='word_1_173' title='bbox 334 1975 459 2017; x_wconf 85' lang='lat' dir='ltr'>fuerit</span> <span class='ocrx_word' id='word_1_174' title='bbox 489 1974 774 2016; x_wconf 87' lang='lat' dir='ltr'>Commodiani</span> <span class='ocrx_word' id='word_1_175' title='bbox 806 1975 855 2015; x_wconf 91' lang='lat' dir='ltr'>de</span> <span class='ocrx_word' id='word_1_176' title='bbox 887 1975 1075 2015; x_wconf 87' lang='lat' dir='ltr'>trinitate</span> <span class='ocrx_word' id='word_1_177' title='bbox 1109 1974 1245 2027; x_wconf 89' lang='lat' dir='ltr'>opinio</span> <span class='ocrx_word' id='word_1_178' title='bbox 1265 1972 1333 2027; x_wconf 75' lang='lat'>⁹⁶).</span> 
     </span>
    </p>

    <p class='ocr_par' dir='ltr' id='par_1_6' title="bbox 336 2041 1832 2442">
     <span class='ocr_line' id='line_1_25' title="bbox 393 2041 1823 2097; baseline -0.001 -12"><span class='ocrx_word' id='word_1_179' title='bbox 393 2043 500 2085; x_wconf 87' lang='lat' dir='ltr'>Satis</span> <span class='ocrx_word' id='word_1_180' title='bbox 532 2043 656 2096; x_wconf 84' lang='lat' dir='ltr'>longo</span> <span class='ocrx_word' id='word_1_181' title='bbox 686 2042 901 2084; x_wconf 89' lang='lat' dir='ltr'>interiecto</span> <span class='ocrx_word' id='word_1_182' title='bbox 935 2044 1129 2097; x_wconf 87' lang='lat' dir='ltr'>temporis</span> <span class='ocrx_word' id='word_1_183' title='bbox 1163 2043 1295 2096; x_wconf 87' lang='lat' dir='ltr'>spatio</span> <span class='ocrx_word' id='word_1_184' title='bbox 1316 2054 1422 2084; x_wconf 90' lang='lat' dir='ltr'>noua</span> <span class='ocrx_word' id='word_1_185' title='bbox 1443 2042 1512 2083; x_wconf 81' lang='lat' dir='ltr'>lux</span> <span class='ocrx_word' id='word_1_186' title='bbox 1533 2041 1823 2084; x_wconf 88' lang='lat' dir='ltr'>Commodiano</span> 
     </span>
     <span class='ocr_line' id='line_1_26' title="bbox 336 2109 1829 2163; baseline -0.002 -9"><span class='ocrx_word' id='word_1_187' title='bbox 336 2111 515 2162; x_wconf 87' lang='lat' dir='ltr'>adfulsit,</span> <span class='ocrx_word' id='word_1_188' title='bbox 550 2123 642 2152; x_wconf 90' lang='lat' dir='ltr'>cum</span> <span class='ocrx_word' id='word_1_189' title='bbox 665 2123 772 2152; x_wconf 90' lang='lat' dir='ltr'>anno</span> <span class='ocrx_word' id='word_1_190' title='bbox 797 2111 907 2152; x_wconf 88' lang='grc'>1870</span> <span class='ocrx_word' id='word_1_191' title='bbox 938 2123 996 2162; x_wconf 84' lang='lat' dir='ltr'>ea,</span> <span class='ocrx_word' id='word_1_192' title='bbox 1030 2123 1134 2163; x_wconf 89' lang='lat' dir='ltr'>quae</span> <span class='ocrx_word' id='word_1_193' title='bbox 1168 2110 1396 2152; x_wconf 86' lang='lat' dir='ltr'>Adolfus</span> <span class='ocrx_word' id='word_1_194' title='bbox 1427 2110 1594 2151; x_wconf 89' lang='lat' dir='ltr'>Ebert</span> <span class='ocrx_word' id='word_1_195' title='bbox 1630 2110 1674 2150; x_wconf 90' lang='lat' dir='ltr'>in</span> <span class='ocrx_word' id='word_1_196' title='bbox 1705 2109 1829 2151; x_wconf 84' lang='lat' dir='ltr'>Saxo-</span> 
     </span>
     <span class='ocr_line' id='line_1_27' title="bbox 338 2178 1828 2232; baseline -0.003 -9"><span class='ocrx_word' id='word_1_197' title='bbox 338 2183 427 2223; x_wconf 86' lang='lat' dir='ltr'>nica</span> <span class='ocrx_word' id='word_1_198' title='bbox 456 2181 691 2222; x_wconf 87' lang='lat' dir='ltr'>litterarum</span> <span class='ocrx_word' id='word_1_199' title='bbox 723 2180 919 2221; x_wconf 90' lang='lat' dir='ltr'>societate</span> <span class='ocrx_word' id='word_1_200' title='bbox 950 2180 1144 2232; x_wconf 90' lang='lat' dir='ltr'>inprimis</span> <span class='ocrx_word' id='word_1_201' title='bbox 1176 2181 1224 2221; x_wconf 89' lang='lat' dir='ltr'>de</span> <span class='ocrx_word' id='word_1_202' title='bbox 1255 2180 1433 2228; x_wconf 88' lang='lat' dir='ltr'>ratione,</span> <span class='ocrx_word' id='word_1_203' title='bbox 1473 2178 1648 2232; x_wconf 90' lang='lat' dir='ltr'>origine,</span> <span class='ocrx_word' id='word_1_204' title='bbox 1694 2179 1828 2220; x_wconf 87' lang='lat' dir='ltr'>aetate</span> 
     </span>
     <span class='ocr_line' id='line_1_28' title="bbox 338 2245 1828 2302; baseline -0.003 -11"><span class='ocrx_word' id='word_1_205' title='bbox 338 2249 531 2292; x_wconf 89' lang='lat' dir='ltr'>carminis</span> <span class='ocrx_word' id='word_1_206' title='bbox 553 2248 668 2289; x_wconf 88' lang='lat' dir='ltr'>docte</span> <span class='ocrx_word' id='word_1_207' title='bbox 690 2250 730 2289; x_wconf 90' lang='lat' dir='ltr'>et</span> <span class='ocrx_word' id='word_1_208' title='bbox 752 2248 960 2302; x_wconf 88' lang='lat' dir='ltr'>ingeniose</span> <span class='ocrx_word' id='word_1_209' title='bbox 985 2247 1284 2300; x_wconf 87' lang='lat' dir='ltr'>disputaverat,</span> <span class='ocrx_word' id='word_1_210' title='bbox 1317 2247 1426 2300; x_wconf 80' lang='lat' dir='ltr'>typis</span> <span class='ocrx_word' id='word_1_211' title='bbox 1458 2246 1750 2288; x_wconf 77' lang='lat' dir='ltr'>mandare-ntur</span> <span class='ocrx_word' id='word_1_212' title='bbox 1760 2245 1828 2298; x_wconf 83' lang='lat'>²⁷).</span> 
     </span>
     <span class='ocr_line' id='line_1_29' title="bbox 338 2315 1832 2371; baseline -0.003 -11"><span class='ocrx_word' id='word_1_213' title='bbox 338 2319 439 2360; x_wconf 91' lang='lat' dir='ltr'>Inde</span> <span class='ocrx_word' id='word_1_214' title='bbox 478 2318 701 2371; x_wconf 88' lang='lat' dir='ltr'>coeperunt</span> <span class='ocrx_word' id='word_1_215' title='bbox 740 2318 779 2358; x_wconf 89' lang='lat' dir='ltr'>et</span> <span class='ocrx_word' id='word_1_216' title='bbox 816 2317 1018 2370; x_wconf 85' lang='lat' dir='ltr'>philologi</span> <span class='ocrx_word' id='word_1_217' title='bbox 1051 2319 1092 2358; x_wconf 91' lang='lat' dir='ltr'>et</span> <span class='ocrx_word' id='word_1_218' title='bbox 1122 2316 1305 2370; x_wconf 88' lang='lat' dir='ltr'>theologi</span> <span class='ocrx_word' id='word_1_219' title='bbox 1337 2315 1628 2358; x_wconf 88' lang='lat' dir='ltr'>Commodiano</span> <span class='ocrx_word' id='word_1_220' title='bbox 1660 2315 1730 2357; x_wconf 92' lang='lat' dir='ltr'>diu</span> <span class='ocrx_word' id='word_1_221' title='bbox 1761 2327 1832 2356; x_wconf 88' lang='lat' dir='ltr'>ne-</span> 
     </span>
     <span class='ocr_line' id='line_1_30' title="bbox 338 2385 1085 2442; baseline -0.001 -13"><span class='ocrx_word' id='word_1_222' title='bbox 338 2387 470 2442; x_wconf 89' lang='lat' dir='ltr'>glecto</span> <span class='ocrx_word' id='word_1_223' title='bbox 504 2385 694 2427; x_wconf 79' lang='lat' dir='ltr'>certatim</span> <span class='ocrx_word' id='word_1_224' title='bbox 726 2397 890 2439; x_wconf 88' lang='lat' dir='ltr'>operam</span> <span class='ocrx_word' id='word_1_225' title='bbox 921 2397 1085 2428; x_wconf 88' lang='lat' dir='ltr'>nauare.</span> 
     </span>
    </p>

    <p class='ocr_par' dir='ltr' id='par_1_7' title="bbox 338 2452 1833 2644">
     <span class='ocr_line' id='line_1_31' title="bbox 397 2452 1831 2507; baseline -0.001 -12"><span class='ocrx_word' id='word_1_226' title='bbox 397 2454 531 2496; x_wconf 88' lang='lat' dir='ltr'>Adolfi</span> <span class='ocrx_word' id='word_1_227' title='bbox 562 2453 687 2495; x_wconf 86' lang='lat' dir='ltr'>Ebert</span> <span class='ocrx_word' id='word_1_228' title='bbox 720 2454 897 2507; x_wconf 88' lang='lat' dir='ltr'>uestigia</span> <span class='ocrx_word' id='word_1_229' title='bbox 928 2454 1079 2506; x_wconf 88' lang='lat' dir='ltr'>pressit</span> <span class='ocrx_word' id='word_1_230' title='bbox 1110 2452 1325 2495; x_wconf 86' lang='lat' dir='ltr'>Carolus</span> <span class='ocrx_word' id='word_1_231' title='bbox 1357 2452 1655 2502; x_wconf 86' lang='lat' dir='ltr'>Leimbach,</span> <span class='ocrx_word' id='word_1_232' title='bbox 1690 2452 1759 2505; x_wconf 91' lang='lat' dir='ltr'>qui</span> <span class='ocrx_word' id='word_1_233' title='bbox 1791 2453 1831 2493; x_wconf 90' lang='lat' dir='ltr'>in</span> 
     </span>
     <span class='ocr_line' id='line_1_32' title="bbox 338 2521 1833 2577; baseline -0.003 -12"><span class='ocrx_word' id='word_1_234' title='bbox 338 2523 641 2577; x_wconf 87' lang='lat' dir='ltr'>programmate</span> <span class='ocrx_word' id='word_1_235' title='bbox 687 2522 872 2575; x_wconf 87' lang='lat' dir='ltr'>paschali</span> <span class='ocrx_word' id='word_1_236' title='bbox 918 2523 1082 2564; x_wconf 89' lang='lat' dir='ltr'>scholae</span> <span class='ocrx_word' id='word_1_237' title='bbox 1130 2521 1266 2563; x_wconf 90' lang='lat' dir='ltr'>ciuilis</span> <span class='ocrx_word' id='word_1_238' title='bbox 1311 2521 1534 2575; x_wconf 89' lang='lat' dir='ltr'>superioris</span> <span class='ocrx_word' id='word_1_239' title='bbox 1576 2521 1833 2563; x_wconf 88' lang='lat' dir='ltr'>Schmalcal-</span> 
     </span>
     <span class='ocr_line' id='line_1_33' title="bbox 340 2590 1831 2644; baseline -0.003 -11"><span class='ocrx_word' id='word_1_240' title='bbox 340 2591 473 2633; x_wconf 87' lang='lat' dir='ltr'>densis</span> <span class='ocrx_word' id='word_1_241' title='bbox 503 2603 609 2632; x_wconf 87' lang='lat' dir='ltr'>anno</span> <span class='ocrx_word' id='word_1_242' title='bbox 641 2590 746 2632; x_wconf 83' lang='lat'>1871</span> <span class='ocrx_word' id='word_1_243' title='bbox 781 2590 911 2641; x_wconf 89' lang='lat' dir='ltr'>edito,</span> <span class='ocrx_word' id='word_1_244' title='bbox 949 2603 1051 2644; x_wconf 87' lang='lat' dir='ltr'>quae</span> <span class='ocrx_word' id='word_1_245' title='bbox 1084 2592 1133 2632; x_wconf 91' lang='lat' dir='ltr'>ad</span> <span class='ocrx_word' id='word_1_246' title='bbox 1164 2590 1206 2631; x_wconf 92' lang='lat' dir='ltr'>id</span> <span class='ocrx_word' id='word_1_247' title='bbox 1236 2591 1418 2632; x_wconf 85' lang='lat' dir='ltr'>locorum</span> <span class='ocrx_word' id='word_1_248' title='bbox 1449 2590 1498 2631; x_wconf 88' lang='lat' dir='ltr'>de</span> <span class='ocrx_word' id='word_1_249' title='bbox 1529 2590 1707 2631; x_wconf 87' lang='lat' dir='ltr'>carmine</span> <span class='ocrx_word' id='word_1_250' title='bbox 1738 2600 1831 2643; x_wconf 87' lang='lat' dir='ltr'>apo-</span> 
     </span>
    </p>
   </div>
   <div class='ocr_carea' id='block_1_5' title="bbox 364 2678 548 2682">
    <p class='ocr_par' dir='ltr' id='par_1_8' title="bbox 364 2678 548 2682">
     <span class='ocr_line' id='line_1_34' title="bbox 364 2678 548 2682; baseline 0 0"><span class='ocrx_word' id='word_1_251' title='bbox 364 2678 548 2682; x_wconf 95' lang='lat' dir='ltr'> </span> 
     </span>
    </p>
   </div>
   <div class='ocr_carea' id='block_1_6' title="bbox 341 2713 1831 2931">
    <p class='ocr_par' dir='ltr' id='par_1_9' title="bbox 341 2713 1831 2815">
     <span class='ocr_line' id='line_1_35' title="bbox 398 2713 1831 2757; baseline -0.001 -9"><span class='ocrx_word' id='word_1_252' title='bbox 398 2714 435 2757; x_wconf 74' lang='lat'>²⁶)</span> <span class='ocrx_word' id='word_1_253' title='bbox 465 2714 735 2749; x_wconf 86' lang='lat' dir='ltr'>Commodianus</span> <span class='ocrx_word' id='word_1_254' title='bbox 760 2714 832 2748; x_wconf 87' lang='lat' dir='ltr'>und</span> <span class='ocrx_word' id='word_1_255' title='bbox 857 2715 912 2748; x_wconf 89' lang='lat' dir='ltr'>die</span> <span class='ocrx_word' id='word_1_256' title='bbox 937 2714 1186 2749; x_wconf 84' lang='lat' dir='ltr'>altkirchliche</span> <span class='ocrx_word' id='word_1_257' title='bbox 1212 2714 1498 2749; x_wconf 76' lang='lat' dir='ltr'>Trinitatslehre.</span> <span class='ocrx_word' id='word_1_258' title='bbox 1538 2713 1714 2748; x_wconf 87' lang='lat' dir='ltr'>Deutsche</span> <span class='ocrx_word' id='word_1_259' title='bbox 1740 2713 1831 2748; x_wconf 83' lang='lat' dir='ltr'>Zeit-</span> 
     </span>
     <span class='ocr_line' id='line_1_36' title="bbox 341 2771 1699 2815; baseline -0.003 -9"><span class='ocrx_word' id='word_1_260' title='bbox 341 2772 468 2806; x_wconf 80' lang='lat' dir='ltr'>schrii&#39;t</span> <span class='ocrx_word' id='word_1_261' title='bbox 492 2773 517 2804; x_wconf 84' lang='lat' dir='ltr'>s.</span> <span class='ocrx_word' id='word_1_262' title='bbox 543 2771 677 2805; x_wconf 88' lang='lat' dir='ltr'>christl.</span> <span class='ocrx_word' id='word_1_263' title='bbox 705 2771 916 2806; x_wconf 86' lang='lat' dir='ltr'>Wissensch.</span> <span class='ocrx_word' id='word_1_264' title='bbox 943 2783 974 2806; x_wconf 90' lang='lat' dir='ltr'>u.</span> <span class='ocrx_word' id='word_1_265' title='bbox 1002 2772 1139 2807; x_wconf 86' lang='lat' dir='ltr'>christl.</span> <span class='ocrx_word' id='word_1_266' title='bbox 1166 2771 1291 2806; x_wconf 84' lang='lat' dir='ltr'>Leben.</span> <span class='ocrx_word' id='word_1_267' title='bbox 1325 2771 1412 2806; x_wconf 84' lang='lat'>1853</span> <span class='ocrx_word' id='word_1_268' title='bbox 1437 2782 1469 2815; x_wconf 92' lang='lat' dir='ltr'>p.</span> <span class='ocrx_word' id='word_1_269' title='bbox 1495 2771 1699 2805; x_wconf 83' lang='lat'>203—209.</span> 
     </span>
    </p>

    <p class='ocr_par' dir='ltr' id='par_1_10' title="bbox 342 2826 1829 2931">
     <span class='ocr_line' id='line_1_37' title="bbox 401 2826 1829 2873; baseline -0.001 -12"><span class='ocrx_word' id='word_1_270' title='bbox 401 2830 438 2871; x_wconf 76' lang='grc'>27)</span> <span class='ocrx_word' id='word_1_271' title='bbox 465 2828 643 2863; x_wconf 82' lang='lat' dir='ltr'>Abhandl.</span> <span class='ocrx_word' id='word_1_272' title='bbox 670 2829 731 2862; x_wconf 88' lang='lat' dir='ltr'>der</span> <span class='ocrx_word' id='word_1_273' title='bbox 757 2828 1020 2873; x_wconf 88' lang='lat' dir='ltr'>philol.-histor.</span> <span class='ocrx_word' id='word_1_274' title='bbox 1048 2830 1166 2864; x_wconf 87' lang='lat' dir='ltr'>Classe</span> <span class='ocrx_word' id='word_1_275' title='bbox 1200 2829 1260 2864; x_wconf 84' lang='lat' dir='ltr'>der</span> <span class='ocrx_word' id='word_1_276' title='bbox 1285 2829 1418 2873; x_wconf 71' lang='lat' dir='ltr'>konigl.</span> <span class='ocrx_word' id='word_1_277' title='bbox 1445 2828 1554 2863; x_wconf 80' lang='lat' dir='ltr'>s&#39;achs.</span> <span class='ocrx_word' id='word_1_278' title='bbox 1583 2827 1770 2863; x_wconf 84' lang='lat' dir='ltr'>Gesellsch.</span> <span class='ocrx_word' id='word_1_279' title='bbox 1796 2826 1829 2859; x_wconf 92' lang='lat' dir='ltr'>d.</span> 
     </span>
     <span class='ocr_line' id='line_1_38' title="bbox 342 2886 1039 2931; baseline 0.001 -10"><span class='ocrx_word' id='word_1_280' title='bbox 342 2886 552 2921; x_wconf 82' lang='lat' dir='ltr'>Wissensch.</span> <span class='ocrx_word' id='word_1_281' title='bbox 579 2886 608 2919; x_wconf 90' lang='lat' dir='ltr'><strong>V</strong></span> <span class='ocrx_word' id='word_1_282' title='bbox 636 2887 747 2930; x_wconf 82' lang='lat'>(1870)</span> <span class='ocrx_word' id='word_1_283' title='bbox 775 2899 806 2931; x_wconf 86' lang='lat' dir='ltr'>p.</span> <span class='ocrx_word' id='word_1_284' title='bbox 833 2887 1039 2923; x_wconf 81' lang='lat'>387—420.</span> 
     </span>
    </p>
   </div>
  </div>
 </body>
</html>
