1934 3278
226 213 280 255 26
869 208 1070 242 Luciferi

221 339 408 390 aeyrotat
448 336 563 377 cirea
603 334 866 388 quaestiones
898 336 934 373 et
964 333 1185 374 uerborum
1216 333 1350 386 rixas,
1383 345 1431 373 ex
1462 333 1611 385 quibus
1644 345 1724 372 na-

220 407 396 445 scantur
440 403 632 445 inuidiae
677 402 955 444 contentiones
1002 400 1282 453 blasphemiae
1327 401 1589 453 suspiciones
1633 412 1724 441 eon-

220 472 473 524 flictationes
508 471 647 512 malae
682 470 901 511 hominum
932 472 1064 510 mente
1094 471 1391 521 corruptorum
1423 471 1458 510 et
1490 483 1517 508 a
1546 469 1726 509 ueritate

220 541 523 583 destitutorum.
567 553 590 581 a
619 539 661 580 te
695 539 837 591 itaque
869 549 949 578 non
979 537 1039 578 ita
1071 538 1270 587 credenti,
1303 538 1350 578 ut
1382 537 1518 578 credit
1547 536 1725 590 populus

223 609 303 659 dei,
338 622 362 650 a
390 609 433 650 te
465 621 543 650 non
574 609 635 649 ita
667 607 844 656 docenti,
878 607 924 647 ut
957 607 1187 648 docuerunt
1219 607 1375 649 Christi
1406 606 1518 647 unici
1549 605 1624 647 filii
1657 605 1725 646 dei

225 677 415 731 apostoli,
450 689 473 717 a
502 678 544 717 te
576 689 655 717 non
681 675 976 728 adquiescente
1000 675 1111 716 sanis
1135 676 1395 717 sermonibus
1419 675 1573 716 domini
1595 674 1725 715 nostri

222 747 319 787 Iesu
352 745 507 788 Christi
538 744 750 786 uolnimus
771 743 916 784 uiuere
940 743 1164 796 segregati,
1198 757 1220 784 a
1240 744 1282 785 te
1317 744 1598 797 expugnatore
1622 742 1725 783 doc-

219 814 354 855 trinae
387 826 492 867 quae
525 811 755 854 secundum
795 811 998 864 pietatem
1032 812 1106 862 est,
1148 824 1172 852 a
1201 813 1243 854 te
1282 812 1425 854 inflato
1466 811 1611 853 contra
1650 823 1726 852 nos

220 895 293 935 per
322 882 538 923 inimicum
569 880 770 930 nostrum,
813 892 838 920 a
866 880 908 920 te
941 879 1044 920 nihil
1081 880 1171 921 ueri
1197 880 1343 921 scienti
1384 881 1459 922 sed
1492 879 1726 934 aegrotanti

220 951 333 992 circa
364 951 644 1004 quaestiones,
680 963 703 991 a
732 950 775 991 te
807 961 879 1002 per
911 949 1030 990 cuius
1061 949 1263 991 nefandos
1285 951 1461 991 conatus
1486 950 1609 990 natae
1634 961 1724 989 esse

221 1019 459 1073 specialiter
490 1018 642 1060 nostris
675 1017 821 1059 diebus
851 1017 1118 1058 inueniantur
1159 1018 1273 1059 rixae
1304 1019 1542 1068 uerborum,
1574 1017 1724 1060 morti-

220 1088 333 1130 ferae
366 1088 666 1138 contentiones,
705 1087 916 1140 malignae
955 1087 1299 1138 conflictationes,
1339 1099 1412 1140 per
1451 1088 1494 1128 te
1525 1086 1726 1128 uidelicet

219 1157 429 1199 hominem
458 1157 598 1197 mente
630 1156 883 1209 corruptum,
916 1156 1108 1196 ueritatis
1138 1155 1494 1208 interpolatorem.
1526 1155 1725 1196 receden-

222 1225 321 1266 dum
352 1224 590 1266 censuimus
623 1237 646 1265 a
666 1224 708 1266 te
733 1225 857 1277 atque
891 1237 914 1265 a
944 1225 1221 1278 conuiperinis
1252 1225 1336 1265 tuis
1370 1224 1599 1266 secundum
1624 1236 1726 1276 apo-

220 1293 317 1335 stoli
332 1294 616 1346 praeceptum.
642 1292 744 1334 dicit
766 1293 875 1334 enim
890 1292 1018 1334 infra:
1041 1294 1263 1335 hominnm
1279 1297 1414 1335 mente
1432 1296 1722 1346 corruptorum

219 1364 257 1403 et
287 1376 315 1403 a
344 1362 522 1403 ueritate
560 1362 870 1413 destitutorum,
911 1362 1249 1403 existimantium
1279 1366 1498 1415 quaestam
1528 1375 1610 1403 esse
1637 1363 1725 1414 pic-

220 1432 358 1482 tatem,
401 1430 562 1472 discede
593 1430 645 1470 ab
677 1430 931 1474 huiusmodi.
987 1431 1095 1471 unde
1127 1431 1269 1472 tecum
1303 1443 1393 1472 esse
1425 1431 1725 1484 potueramus?

221 1511 316 1540 cum
349 1499 476 1540 etiam
507 1499 548 1539 in
581 1499 771 1539 clausula
801 1499 923 1539 huius
956 1499 1156 1552 epistolae
1189 1500 1376 1540 hortetur
1406 1500 1447 1540 te
1480 1499 1725 1553 fugiendum

222 1580 326 1618 esse,
358 1567 401 1608 te
433 1567 504 1620 qui
538 1567 742 1608 excideris
776 1579 799 1608 a
819 1567 922 1608 fide:
955 1582 977 1609 o
1014 1568 1264 1623 Thimothee,
1298 1569 1529 1620 depositum
1552 1569 1724 1623 custodi,

220 1637 419 1678 deuitans
448 1637 661 1690 profanas
698 1650 849 1678 uocum
889 1636 1098 1679 nouitates
1138 1640 1177 1678 et
1215 1638 1496 1690 oppositiones
1526 1638 1726 1679 scientiae

218 1706 321 1759 falsi
338 1706 536 1757 nominis,
556 1719 684 1758 quain
702 1706 879 1758 qnidam
888 1707 1179 1758 promittentes
1196 1706 1310 1747 eirca
1327 1706 1451 1759 fidem
1469 1707 1723 1748 exciderunt.

220 1774 460 1827 oportuerat
490 1786 564 1815 1103
586 1774 719 1815 uitare
750 1774 793 1815 te
814 1775 1007 1827 profanas
1029 1788 1181 1817 uocum
1203 1776 1413 1816 nouitates
1434 1776 1723 1828 proferentem.

221 1843 427 1895 siquidem
459 1854 808 1895 cognosceremus
839 1843 881 1883 te
913 1843 1030 1885 illam
1063 1844 1313 1897 sacrilegam
1345 1856 1494 1885 11000111
1524 1844 1724 1886 111311110111

219 1911 444 1964 protulisse
468 1911 637 1961 diaboli,
670 1910 801 1961 illam,
824 1911 1008 1964 inquam,
1035 1925 1194 1962 11000111,
1227 1925 1300 1965 per
1323 1925 1447 1965 quam
1472 1913 1724 1965 expresseris

221 1992 384 2021 uenena
417 1980 626 2033 dogmatis
657 1979 719 2020 tui
753 1979 916 2021 dicens:
950 1984 1041 2021 erat
1072 1982 1240 2033 qnando
1271 1994 1356 2022 non
1390 1985 1493 2033 erat,
1528 1985 1565 2022 et
1585 1982 1725 2034 factus

220 2050 280 2090 est
309 2063 359 2090 ex
390 2049 540 2099 nihilo,
572 2053 608 2090 et
639 2062 725 2089 non
747 2051 807 2089 est
835 2064 927 2090 una
952 2051 1147 2101 potentia
1171 2051 1314 2103 patris
1334 2053 1370 2091 et
1391 2050 1484 2103 filit.
1518 2051 1621 2091 haec
1645 2062 1721 2091 non

221 2116 392 2169 spiritns
425 2117 595 2158 331101113
626 2130 699 2170 per
730 2118 772 2158 te
803 2118 990 2170 protulit,
1023 2118 1098 2159 sed
1129 2118 1352 2159 inmundus
1382 2118 1452 2159 ille
1478 2118 1722 2160 diabolicus.

221 2185 429 2238 quomodo
454 2186 596 2238 itaque
631 2186 861 2227 secundum
901 2187 1077 2240 apostoli
1117 2187 1362 2227 mandatum
1404 2187 1615 2228 custodire
1648 2187 1723 2227 de-

219 2254 402 2307 positum
433 2255 717 2307 potueramus,
766 2255 800 2296 si
837 2256 978 2296 tecum
1017 2255 1059 2296 in
1099 2256 1275 2297 concilio
1316 2256 1543 2297 maledicto
1583 2256 1723 2297 uestro

221 2322 537 2373 mansissemus,
571 2335 667 2364 cum
699 2335 773 2364 nos
798 2324 1136 2376 proposuerimus
1168 2337 1299 2377 usque
1325 2324 1377 2365 ad
1399 2325 1544 2366 mortis
1569 2325 1723 2365 exitum

228 2391 502 2443 apostolicam
531 2392 674 2432 tenere
706 2391 847 2442 fidem,
879 2392 1005 2433 istam
1046 2393 1209 2434 30111001
1250 2406 1374 2446 quam
1419 2392 1529 2445 apud
1558 2392 1723 2433 Niciam

223 2460 453 2501 retinemus
476 2460 677 2513 scriptam
698 2461 842 2502 contra
858 2461 976 2501 tuam
993 2461 1300 2513 blasphemiam
1319 2462 1360 2502 et
1377 2461 1521 2502 contra
1540 2461 1722 2502 omnium

221 2528 529 2569 haereticorum
559 2530 725 2570 tuorum
761 2529 1016 2570 execrabiles
1039 2530 1244 2570 conatus?

358 2651 399 2683 15
424 2650 440 2683 Ι
465 2651 551 2685 Tim.
576 2653 608 2687 6.
636 2652 656 2684 5
752 2653 794 2686 19
819 2652 867 2685 ib.
893 2654 924 2694 6,
952 2652 1006 2686 20.
1032 2653 1072 2686 21

290 2764 305 2797 1
335 2765 533 2807 questiones
665 2766 686 2799 2
712 2768 921 2810 suspitiones
1054 2768 1096 2800 10
1121 2770 1264 2801 conatos
1389 2768 1429 2801 11
1457 2769 1632 2803 mortifere

220 2820 262 2854 19
287 2820 480 2855 thimothee
575 2821 617 2854 24
644 2825 872 2866 expraesseris
967 2824 1010 2857 25
1037 2825 1207 2859 docmatis
1233 2827 1314 2858 tuae
1341 2827 1402 2867 (an
1427 2827 1478 2859 tui
1497 2825 1677 2871 edicens?)

1747 960 1779 985 10

1747 1302 1780 1326 15

1746 1654 1779 1678 20

1744 1995 1777 2020 25

1743 2337 1778 2362 30
