1934 3278
493 244 547 279 De
571 255 641 278 non
666 243 905 279 conueniendo
931 254 1007 279 cum
1035 244 1232 281 haereticis.
1566 252 1616 293 17

111 370 220 412 inter
258 382 355 419 uos,
400 382 452 411 ne
491 368 618 410 etiam
657 368 732 409 illa
770 368 1000 422 increpatio
1038 369 1155 411 uocis
1198 369 1364 412 diuinae
1406 383 1480 414 nos
1520 384 1614 414 cum

112 438 280 480 Iudaeis
313 438 355 480 et
385 437 603 479 uobiscum
634 436 857 479 haereticis
895 438 1112 490 argueret:
1158 440 1207 478 ut
1240 439 1344 491 quid
1388 439 1615 493 loquimini

112 507 169 549 ad
198 521 285 559 me;
315 519 458 548 omnes
488 519 562 548 uos
592 506 722 558 impie
753 506 910 559 eqistis,
955 508 995 547 et
1025 518 1165 548 omnes
1194 520 1270 548 uos
1300 507 1538 561 deliquistis
1568 511 1617 551 in

109 589 186 627 me,
219 576 323 617 dicit
354 575 565 617 domin-us.

77 657 93 683 ⁵
167 644 304 686 VIIII.
348 643 565 696 Quomodo
604 642 823 684 uobiscum
862 643 980 684 nobis
1012 644 1234 686 conuenire
1266 644 1461 698 poterat?
1519 657 1614 686 cum

109 713 264 768 legeris
287 713 487 766 scriptum
509 713 548 753 in
566 712 673 754 Iibro
695 712 1051 754 Machabaeorum
1072 713 1228 766 primo:
1252 717 1351 755 tunc
1373 715 1612 767 conqreqati

108 786 207 824 sunt
238 783 294 824 ad
314 795 376 823 eos
398 783 627 823 conuentus
647 780 773 833 fortis
793 781 842 822 in
863 781 1028 823 uiribus
1049 781 1102 823 ab
1121 782 1274 835 Israel,
1298 783 1438 824 omnis
1458 783 1609 825 uolun-

109 852 249 892 tarius
279 851 327 892 in
360 851 454 905 leqe.
501 852 538 891 et
577 862 716 891 omnes
746 849 819 903 qui
857 849 1077 904 fuqiebant
1118 864 1146 892 a
1175 851 1304 893 malis
1342 851 1482 894 additi
1510 857 1610 894 sunt

109 919 166 961 ad
196 932 259 961 eos
290 922 327 960 et
355 919 464 972 facti
494 920 595 960 sunt
629 917 715 959 illis
745 918 1074 971 firmamentum.
1106 922 1142 960 et
1173 920 1481 962 constituerunt
1511 921 1605 962 uir-

58 998 90 1023 10
109 990 251 1041 tutem,
284 990 322 1028 et
349 989 648 1039 percusserunt
676 988 912 1038 peccatores
942 987 990 1027 in
1023 986 1092 1027 ira
1122 1000 1200 1028 sua
1233 991 1270 1029 et
1300 989 1418 1030 uiros
1440 989 1610 1042 iniquos

107 1057 156 1097 in
175 1056 487 1110 indiqnatione.
513 1057 551 1096 et
567 1055 689 1096 ceteri
709 1055 910 1108 fuqerunt
931 1055 988 1096 ad
1010 1056 1216 1111 nationes,
1239 1060 1285 1098 ut
1306 1070 1347 1098 se
1369 1057 1610 1110 liberarent,

105 1128 143 1167 et
174 1125 375 1166 circuiuit
405 1123 650 1166 Matathias
681 1127 720 1166 et
749 1124 879 1164 amici
910 1124 1011 1178 eius,
1044 1127 1082 1166 et
1111 1125 1408 1167 destruxerunt
1440 1139 1542 1167 aras
1573 1129 1612 1168 et

106 1194 460 1236 circumciderunt
486 1206 644 1247 pueros
682 1194 1002 1235 incircumcisos
1042 1196 1241 1247 quotquot
1270 1194 1529 1236 inuenerunt
1564 1195 1610 1236 in

104 1263 261 1316 finibus
291 1262 430 1305 Israel
460 1262 511 1303 in
539 1262 805 1315 fortitudine,
837 1264 875 1303 et
896 1262 1107 1315 persecuti
1128 1265 1229 1303 sunt
1247 1262 1357 1316 filios
1377 1263 1610 1318 superbiae,

55 1346 87 1371 15
107 1336 143 1375 et
171 1331 445 1385 prosperauit
475 1344 580 1383 opus
619 1331 667 1372 in
705 1343 863 1373 manus
901 1344 1057 1382 eorum,
1097 1334 1134 1373 et
1173 1331 1442 1374 obtinuerunt
1484 1332 1609 1387 leqem

103 1401 154 1443 de
184 1401 381 1443 manibus
409 1401 599 1454 qentium
631 1403 668 1442 et
699 1413 856 1453 reglum,
891 1403 928 1442 et
958 1413 1045 1442 non
1075 1400 1278 1442 dederunt
1308 1413 1483 1442 cornum
1507 1414 1607 1454 pec-

104 1471 251 1512 catori.
312 1468 531 1511 uobiscum
571 1480 646 1510 nos
687 1480 779 1510 esse
818 1468 1103 1522 potueramus,
1151 1481 1247 1510 cum
1286 1469 1468 1511 uideatis
1509 1468 1608 1522 quid

104 1538 188 1580 illis
219 1538 395 1580 fecerint
433 1549 483 1579 ex
518 1536 610 1578 toto
651 1536 777 1579 corde
819 1537 890 1591 qui
932 1536 1058 1579 deum
1088 1537 1357 1579 inueniuntur
1386 1538 1609 1580 timuisse?

103 1608 150 1648 tu
183 1606 300 1656 dicis,
334 1607 567 1648 membrum
589 1605 674 1647 iam
704 1606 804 1647 tunc
839 1606 1052 1648 exsectum
1080 1606 1131 1648 de
1153 1618 1324 1659 corpore
1346 1607 1497 1648 beatae
1531 1619 1604 1647 ec-

51 1687 83 1712 20
103 1675 271 1725 clesiae‚
305 1675 471 1728 quando
493 1674 694 1716 Arrianus
726 1674 864 1716 factus
887 1687 932 1717 es
955 1687 1004 1716 ex
1027 1674 1286 1717 Christiano:
1319 1678 1441 1717 estote
1462 1675 1602 1717 uobis-

103 1758 209 1786 cum.
253 1745 295 1785 et
318 1743 510 1786 dominus
533 1742 636 1784 dicit
657 1743 699 1784 in
723 1742 962 1797 euangelio:
995 1745 1101 1797 quod
1122 1745 1159 1786 si
1179 1744 1324 1786 oculus
1344 1747 1442 1785 tuus
1464 1744 1608 1785 dexter

100 1813 368 1855 scandalizat
400 1815 448 1867 te,
481 1826 579 1855 erue
608 1811 733 1854 illum
762 1815 800 1853 et
820 1813 969 1865 proice
1000 1812 1074 1854 abs
1104 1815 1164 1864 te‚·
1194 1813 1360 1865 expedit
1390 1812 1503 1854 enim
1528 1811 1605 1853 tibi

100 1885 146 1923 ut
170 1885 317 1934 percat
349 1895 439 1923 una
462 1894 573 1934 pars
604 1881 881 1923 membrorum
912 1884 1093 1931 tuorum,
1136 1895 1265 1934 quam
1295 1884 1426 1923 totum
1457 1894 1607 1934 corpus

100 1953 220 1992 tuum
250 1951 448 1991 mittatur
479 1950 528 1990 in
555 1949 805 2003 qeliennam.
859 1952 898 1991 et
925 1950 963 1991 si
995 1950 1163 1992 dextera
1193 1962 1348 1991 manus
1378 1952 1454 1991 tua
1484 1962 1605 1991 scan-

50 2018 264 2061 2⁵dalizat
297 2021 345 2069 te,
377 2018 544 2060 abscide
574 2018 698 2060 illam
728 2022 765 2061 et
793 2019 938 2072 proice
970 2019 1042 2060 abs
1074 2021 1129 2068 te;
1177 2018 1343 2071 expedit
1381 2019 1494 2060 enim
1528 2017 1604 2059 tibi

98 2090 147 2129 ut
173 2090 316 2140 pereat
348 2101 438 2128 una
465 2100 573 2140 pars
602 2088 882 2129 membrorum
912 2090 1093 2137 tuorum,
1126 2100 1255 2140 quam
1286 2090 1418 2128 totum
1449 2099 1601 2138 corpus

100 2159 219 2197 tuum
249 2159 315 2196 eat
347 2156 395 2195 in
425 2155 670 2209 qehennam.
724 2155 910 2197 secuisse
943 2168 986 2196 se
1019 2155 1185 2196 Arrium
1220 2155 1343 2208 atque
1376 2154 1602 2208 proiecisse

100 2223 331 2266 secundum
379 2223 534 2266 domini
580 2224 808 2278 praecepta
849 2224 1007 2265 clamat
1053 2223 1255 2274 ecclesia,
1303 2223 1346 2265 et
1388 2224 1435 2264 tu
1478 2223 1602 2265 dicis:

97 2293 294 2346 suscipite
325 2293 640 2346 compestilentes
661 2308 710 2336 ac
732 2294 819 2335 lues
852 2297 962 2343 tuos;
993 2294 1040 2334 tu
1064 2293 1190 2334 dicis:
1222 2294 1350 2335 sinite
1371 2306 1443 2334 uos
1464 2293 1599 2333 eodem

47 2362 273 2403 &interire
305 2363 456 2416 morbo,
489 2376 568 2415 quo
600 2376 670 2416 eqo
687 2363 898 2415 perierim.
934 2362 992 2404 sic
1017 2363 1082 2403 est
1104 2361 1155 2403 de
1187 2373 1358 2414 corpore
1392 2360 1598 2402 ecclesiae

100 2430 262 2472 excisus
294 2430 517 2481 Sabellius,
551 2432 597 2472 ut
621 2431 684 2472 cst
716 2432 757 2472 et
779 2430 1123 2472 condetestabilis
1143 2431 1242 2471 tuus
1269 2429 1432 2470 excisus
1456 2428 1601 2470 Arrius

233 2566 254 2599 2
281 2567 374 2602 Hier.
399 2568 433 2608 2,
458 2567 502 2601 29
596 2569 616 2602 6
642 2567 657 2601 Ι
681 2567 793 2602 Mach.
819 2569 851 2605 ⁴2,
878 2567 1013 2601 42—48
1107 2566 1145 2599 ‘21
1177 2565 1303 2600 Matth.
1329 2566 1361 2601 5.
1387 2565 1441 2599 29.
1467 2565 1511 2598 30

164 2693 185 2726 9
210 2693 244 2726 in
271 2694 526 2727 firmamentum
552 2695 644 2728 coni.
676 2693 855 2728 Latinius
959 2692 1000 2725 12
1024 2691 1175 2725 mathias
1301 2692 1342 2725 16
1368 2701 1471 2724 cornu
1498 2691 1597 2733 fort..

95 2758 152 2783 eor
179 2761 197 2782 v
292 2751 332 2784 17
351 2761 413 2784 nos
438 2751 477 2790 V,
503 2761 546 2784 ue
567 2762 584 2785 υ
680 2750 721 2784 18
739 2750 789 2784 illi
811 2762 827 2783 ι·
925 2749 965 2783 19
983 2759 1144 2792 corporae
1237 2748 1281 2782 25
1299 2747 1465 2782 abscinde
1493 2759 1510 2782 v

94 2804 137 2838 27
162 2804 322 2849 gehenna
431 2805 475 2840 28
501 2806 630 2841 clamat
664 2808 700 2846 V,
728 2806 871 2840 damnat
898 2817 914 2840 ι·
1009 2805 1052 2839 29
1077 2808 1157 2839 tuos
1188 2806 1249 2849 Vv,
1275 2815 1352 2839 suos
1379 2816 1446 2839 sor.
1475 2804 1599 2847 Goleti,

95 2863 134 2895 nt
158 2872 221 2897 nos
245 2862 333 2905 sort.
430 2863 543 2897 sinete

164 2929 271 2964 XlIII.
1440 2928 1461 2961 2
