<?xml version="1.0" encoding="UTF-8"?>
<!DOCTYPE html PUBLIC "-//W3C//DTD XHTML 1.0 Transitional//EN"
    "http://www.w3.org/TR/xhtml1/DTD/xhtml1-transitional.dtd">
<html xmlns="http://www.w3.org/1999/xhtml" xml:lang="en" lang="en">
 <head>
  <title>
</title>
<meta http-equiv="Content-Type" content="text/html;charset=utf-8" />
  <meta name='ocr-system' content='tesseract 3.04.00' />
  <meta name='ocr-capabilities' content='ocr_page ocr_carea ocr_par ocr_line ocrx_word'/>
</head>
<body>
  <div class='ocr_page' id='page_1' title='image "./corpusscriptorum14luciuoft_0423.png"; bbox 0 0 1934 3278; ppageno 0'>
   <div class='ocr_carea' id='block_1_1' title="bbox 527 219 1208 257">
    <p class='ocr_par' dir='ltr' id='par_1_1' title="bbox 527 219 1208 257">
     <span class='ocr_line' id='line_1_1' title="bbox 527 219 1208 257; baseline -0.003 -2"><span class='ocrx_word' id='word_1_1' title='bbox 527 219 789 256; x_wconf 85' lang='lat' dir='ltr'>uerborum</span> <span class='ocrx_word' id='word_1_2' title='bbox 812 221 860 256; x_wconf 88' lang='lat' dir='ltr'>et</span> <span class='ocrx_word' id='word_1_3' title='bbox 883 220 1208 257; x_wconf 86' lang='lat' dir='ltr'>locutionum.</span> 
     </span>
    </p>
   </div>
   <div class='ocr_carea' id='block_1_2' title="bbox 72 344 842 2898">
    <p class='ocr_par' dir='ltr' id='par_1_2' title="bbox 129 344 841 434">
     <span class='ocr_line' id='line_1_2' title="bbox 131 344 841 388; baseline -0.003 -7"><span class='ocrx_word' id='word_1_4' title='bbox 131 346 206 381; x_wconf 84' lang='lat' dir='ltr'>loco</span> <span class='ocrx_word' id='word_1_5' title='bbox 219 345 423 388; x_wconf 49' lang='lat' dir='ltr'>&amp;nfinitiuk</span> <span class='ocrx_word' id='word_1_6' title='bbox 439 344 664 380; x_wconf 73' lang='lat' dir='ltr'>obsecrantes</span> <span class='ocrx_word' id='word_1_7' title='bbox 688 355 760 379; x_wconf 90' lang='lat' dir='ltr'>non</span> <span class='ocrx_word' id='word_1_8' title='bbox 782 344 841 379; x_wconf 88' lang='lat' dir='ltr'>de·</span> 
     </span>
     <span class='ocr_line' id='line_1_3' title="bbox 129 390 840 434; baseline 0 -8"><span class='ocrx_word' id='word_1_9' title='bbox 129 392 274 426; x_wconf 84' lang='lat' dir='ltr'>sinimus</span> <span class='ocrx_word' id='word_1_10' title='bbox 313 390 397 431; x_wconf 88' lang='grc'>288,</span> <span class='ocrx_word' id='word_1_11' title='bbox 436 390 481 425; x_wconf 88' lang='grc'>29</span> <span class='ocrx_word' id='word_1_12' title='bbox 520 390 568 434; x_wconf 82' lang='lat' dir='ltr'>cf.</span> <span class='ocrx_word' id='word_1_13' title='bbox 631 390 840 427; x_wconf 67' lang='lat' dir='ltr'>ermtdium.</span> 
     </span>
    </p>

    <p class='ocr_par' dir='ltr' id='par_1_3' title="bbox 83 401 629 484">
     <span class='ocr_line' id='line_1_4' title="bbox 83 401 629 484; baseline -0.005 -11"><span class='ocrx_word' id='word_1_14' title='bbox 83 447 193 484; x_wconf 81' lang='lat' dir='ltr'>pauco</span> <span class='ocrx_word' id='word_1_15' title='bbox 216 437 300 471; x_wconf 88' lang='lat' dir='ltr'>licet</span> <span class='ocrx_word' id='word_1_16' title='bbox 322 438 479 481; x_wconf 91' lang='lat' dir='ltr'>tempore</span> <span class='ocrx_word' id='word_1_17' title='bbox 503 435 558 477; x_wconf 87' lang='grc'>61,</span> <span class='ocrx_word' id='word_1_18' title='bbox 584 401 629 470; x_wconf 57' lang='lat'>2‘5&#39;</span> 
     </span>
    </p>

    <p class='ocr_par' dir='ltr' id='par_1_4' title="bbox 83 481 753 529">
     <span class='ocr_line' id='line_1_5' title="bbox 83 481 753 529; baseline -0.003 -11"><span class='ocrx_word' id='word_1_19' title='bbox 83 483 277 529; x_wconf 88' lang='lat' dir='ltr'>paululum:</span> <span class='ocrx_word' id='word_1_20' title='bbox 303 484 382 526; x_wconf 90' lang='lat' dir='ltr'>post</span> <span class='ocrx_word' id='word_1_21' title='bbox 405 481 583 526; x_wconf 86' lang='lat' dir='ltr'>paululum</span> <span class='ocrx_word' id='word_1_22' title='bbox 606 481 684 522; x_wconf 89' lang='grc'>306,</span> <span class='ocrx_word' id='word_1_23' title='bbox 712 481 753 516; x_wconf 91' lang='grc'>11</span> 
     </span>
    </p>

    <p class='ocr_par' dir='ltr' id='par_1_5' title="bbox 83 527 839 698">
     <span class='ocr_line' id='line_1_6' title="bbox 83 527 839 575; baseline -0.004 -11"><span class='ocrx_word' id='word_1_24' title='bbox 83 529 240 575; x_wconf 90' lang='lat' dir='ltr'>penitus:</span> <span class='ocrx_word' id='word_1_25' title='bbox 266 538 330 572; x_wconf 92' lang='lat' dir='ltr'>quo</span> <span class='ocrx_word' id='word_1_26' title='bbox 354 527 494 572; x_wconf 86' lang='lat' dir='ltr'>penitus</span> <span class='ocrx_word' id='word_1_27' title='bbox 510 527 748 572; x_wconf 59' lang='lat' dir='ltr'>possumussss)</span> <span class='ocrx_word' id='word_1_28' title='bbox 764 537 839 572; x_wconf 89' lang='lat' dir='ltr'>per·</span> 
     </span>
     <span class='ocr_line' id='line_1_7' title="bbox 129 572 839 625; baseline -0.001 -17"><span class='ocrx_word' id='word_1_29' title='bbox 129 574 253 609; x_wconf 89' lang='lat' dir='ltr'>ducere</span> <span class='ocrx_word' id='word_1_30' title='bbox 276 574 311 613; x_wconf 97' lang='lat'>4,</span> <span class='ocrx_word' id='word_1_31' title='bbox 338 573 388 608; x_wconf 92' lang='lat'>15.</span> <span class='ocrx_word' id='word_1_32' title='bbox 414 575 454 607; x_wconf 88' lang='lat' dir='ltr'>ut</span> <span class='ocrx_word' id='word_1_33' title='bbox 469 572 555 607; x_wconf 88' lang='lat' dir='ltr'>haec</span> <span class='ocrx_word' id='word_1_34' title='bbox 571 572 710 625; x_wconf 88' lang='lat' dir='ltr'>penitus</span> <span class='ocrx_word' id='word_1_35' title='bbox 726 573 839 617; x_wconf 85' lang='lat' dir='ltr'>possis</span> 
     </span>
     <span class='ocr_line' id='line_1_8' title="bbox 129 617 838 698; baseline -0.003 -44"><span class='ocrx_word' id='word_1_36' title='bbox 129 619 281 698; x_wconf 69' lang='lat' dir='ltr'>haurir2e5</span> <span class='ocrx_word' id='word_1_37' title='bbox 297 618 353 659; x_wconf 87' lang='lat'>39,</span> <span class='ocrx_word' id='word_1_38' title='bbox 385 618 439 654; x_wconf 88' lang='lat'>23.</span> <span class='ocrx_word' id='word_1_39' title='bbox 487 617 668 653; x_wconf 83' lang='lat' dir='ltr'>cons1dera</span> <span class='ocrx_word' id='word_1_40' title='bbox 698 619 838 663; x_wconf 87' lang='lat' dir='ltr'>penitus</span> 
     </span>
    </p>

    <p class='ocr_par' dir='ltr' id='par_1_6' title="bbox 83 708 841 937">
     <span class='ocr_line' id='line_1_9' title="bbox 83 708 840 757; baseline -0.003 -11"><span class='ocrx_word' id='word_1_41' title='bbox 83 722 163 757; x_wconf 85' lang='lat' dir='ltr'>per:</span> <span class='ocrx_word' id='word_1_42' title='bbox 195 709 286 755; x_wconf 84' lang='lat' dir='ltr'>quod</span> <span class='ocrx_word' id='word_1_43' title='bbox 308 709 393 744; x_wconf 85' lang='lat' dir='ltr'>haec</span> <span class='ocrx_word' id='word_1_44' title='bbox 426 709 532 754; x_wconf 86' lang='lat' dir='ltr'>(uita)</span> <span class='ocrx_word' id='word_1_45' title='bbox 557 709 669 754; x_wconf 84' lang='lat' dir='ltr'>magis</span> <span class='ocrx_word' id='word_1_46' title='bbox 694 719 758 744; x_wconf 86' lang='lat' dir='ltr'>nos</span> <span class='ocrx_word' id='word_1_47' title='bbox 782 708 840 744; x_wconf 90' lang='lat' dir='ltr'>de-</span> 
     </span>
     <span class='ocr_line' id='line_1_10' title="bbox 129 754 841 800; baseline -0.003 -9"><span class='ocrx_word' id='word_1_48' title='bbox 129 756 234 791; x_wconf 87' lang='lat' dir='ltr'>ducat</span> <span class='ocrx_word' id='word_1_49' title='bbox 259 755 304 789; x_wconf 90' lang='lat' dir='ltr'>ad</span> <span class='ocrx_word' id='word_1_50' title='bbox 327 755 473 799; x_wconf 88' lang='lat' dir='ltr'>gloriam</span> <span class='ocrx_word' id='word_1_51' title='bbox 504 766 566 799; x_wconf 92' lang='lat' dir='ltr'>per</span> <span class='ocrx_word' id='word_1_52' title='bbox 596 754 743 800; x_wconf 86' lang='lat' dir='ltr'>gladios,</span> <span class='ocrx_word' id='word_1_53' title='bbox 780 766 841 799; x_wconf 91' lang='lat' dir='ltr'>per</span> 
     </span>
     <span class='ocr_line' id='line_1_11' title="bbox 129 800 839 845; baseline -0.003 -8"><span class='ocrx_word' id='word_1_54' title='bbox 129 806 272 837; x_wconf 87' lang='lat' dir='ltr'>catenas</span> <span class='ocrx_word' id='word_1_55' title='bbox 297 804 332 835; x_wconf 89' lang='lat' dir='ltr'>et</span> <span class='ocrx_word' id='word_1_56' title='bbox 356 800 459 841; x_wconf 81' lang='lat' dir='ltr'>feras,</span> <span class='ocrx_word' id='word_1_57' title='bbox 483 812 544 845; x_wconf 90' lang='lat' dir='ltr'>per</span> <span class='ocrx_word' id='word_1_58' title='bbox 561 800 727 845; x_wconf 88' lang='lat' dir='ltr'>quidquid</span> <span class='ocrx_word' id='word_1_59' title='bbox 745 800 839 835; x_wconf 89' lang='lat' dir='ltr'>deni-</span> 
     </span>
     <span class='ocr_line' id='line_1_12' title="bbox 130 846 839 893; baseline -0.001 -11"><span class='ocrx_word' id='word_1_60' title='bbox 130 858 195 893; x_wconf 86' lang='lat' dir='ltr'>que</span> <span class='ocrx_word' id='word_1_61' title='bbox 217 846 333 881; x_wconf 85' lang='lat' dir='ltr'>rabies</span> <span class='ocrx_word' id='word_1_62' title='bbox 356 849 419 881; x_wconf 88' lang='lat' dir='ltr'>tua</span> <span class='ocrx_word' id='word_1_63' title='bbox 442 846 479 880; x_wconf 90' lang='lat' dir='ltr'>in</span> <span class='ocrx_word' id='word_1_64' title='bbox 495 849 651 881; x_wconf 83' lang='lat' dir='ltr'>nostram</span> <span class='ocrx_word' id='word_1_65' title='bbox 667 846 839 881; x_wconf 79' lang='lat' dir='ltr'><strong>censuerit</strong></span> 
     </span>
     <span class='ocr_line' id='line_1_13' title="bbox 128 892 577 937; baseline -0.002 -10"><span class='ocrx_word' id='word_1_66' title='bbox 128 895 284 937; x_wconf 81' lang='lat' dir='ltr'>ingerere</span> <span class='ocrx_word' id='word_1_67' title='bbox 308 902 428 926; x_wconf 90' lang='lat' dir='ltr'>necem</span> <span class='ocrx_word' id='word_1_68' title='bbox 452 892 530 932; x_wconf 89' lang='lat'>293,</span> <span class='ocrx_word' id='word_1_69' title='bbox 556 892 577 927; x_wconf 94' lang='grc'>8</span> 
     </span>
    </p>

    <p class='ocr_par' dir='ltr' id='par_1_7' title="bbox 82 938 839 1025">
     <span class='ocr_line' id='line_1_14' title="bbox 82 938 839 985; baseline -0.001 -11"><span class='ocrx_word' id='word_1_70' title='bbox 82 939 259 985; x_wconf 81' lang='lat' dir='ltr'>percipere</span> <span class='ocrx_word' id='word_1_71' title='bbox 288 941 346 979; x_wconf 88' lang='lat'>&lt;=</span> <span class='ocrx_word' id='word_1_72' title='bbox 370 938 546 982; x_wconf 81' lang='lat' dir='ltr'>accipere,</span> <span class='ocrx_word' id='word_1_73' title='bbox 597 938 668 982; x_wconf 81' lang='lat' dir='ltr'>ati)</span> <span class='ocrx_word' id='word_1_74' title='bbox 701 938 760 980; x_wconf 89' lang='lat'>44,</span> <span class='ocrx_word' id='word_1_75' title='bbox 787 938 839 973; x_wconf 90' lang='lat'>14.</span> 
     </span>
     <span class='ocr_line' id='line_1_15' title="bbox 130 949 594 1025; baseline 0 -7"><span class='ocrx_word' id='word_1_76' title='bbox 130 985 184 1025; x_wconf 89' lang='grc'>51,</span> <span class='ocrx_word' id='word_1_77' title='bbox 209 983 265 1019; x_wconf 91' lang='grc'>23.</span> <span class='ocrx_word' id='word_1_78' title='bbox 289 983 346 1023; x_wconf 91' lang='grc'>65,</span> <span class='ocrx_word' id='word_1_79' title='bbox 370 984 402 1018; x_wconf 91' lang='grc'>5.</span> <span class='ocrx_word' id='word_1_80' title='bbox 428 983 506 1025; x_wconf 90' lang='grc'>317,</span> <span class='ocrx_word' id='word_1_81' title='bbox 532 949 594 1018; x_wconf 49' lang='lat'>291²</span> 
     </span>
    </p>

    <p class='ocr_par' dir='ltr' id='par_1_8' title="bbox 82 1029 408 1076">
     <span class='ocr_line' id='line_1_16' title="bbox 82 1029 408 1076; baseline -0.009 -11"><span class='ocrx_word' id='word_1_82' title='bbox 82 1041 262 1076; x_wconf 87' lang='lat' dir='ltr'>percussor</span> <span class='ocrx_word' id='word_1_83' title='bbox 288 1029 364 1069; x_wconf 90' lang='lat'>197,</span> <span class='ocrx_word' id='word_1_84' title='bbox 387 1029 408 1062; x_wconf 89' lang='lat'>9</span> 
     </span>
    </p>

    <p class='ocr_par' dir='ltr' id='par_1_9' title="bbox 80 1074 842 1161">
     <span class='ocr_line' id='line_1_17' title="bbox 80 1074 842 1122; baseline -0.003 -11"><span class='ocrx_word' id='word_1_85' title='bbox 80 1075 288 1122; x_wconf 80' lang='lat' dir='ltr'>perditionis</span> <span class='ocrx_word' id='word_1_86' title='bbox 312 1074 378 1110; x_wconf 88' lang='lat' dir='ltr'>filii</span> <span class='ocrx_word' id='word_1_87' title='bbox 401 1074 456 1114; x_wconf 86' lang='lat'>99,</span> <span class='ocrx_word' id='word_1_88' title='bbox 485 1074 536 1109; x_wconf 92' lang='grc'>16.</span> <span class='ocrx_word' id='word_1_89' title='bbox 583 1076 646 1109; x_wconf 88' lang='lat' dir='ltr'>tua</span> <span class='ocrx_word' id='word_1_90' title='bbox 669 1074 742 1109; x_wconf 87' lang='lat' dir='ltr'>late</span> <span class='ocrx_word' id='word_1_91' title='bbox 766 1085 842 1119; x_wconf 88' lang='lat' dir='ltr'>per—</span> 
     </span>
     <span class='ocr_line' id='line_1_18' title="bbox 129 1120 611 1161; baseline -0.004 -6"><span class='ocrx_word' id='word_1_92' title='bbox 129 1121 217 1156; x_wconf 83' lang='lat' dir='ltr'>ditio</span> <span class='ocrx_word' id='word_1_93' title='bbox 243 1120 439 1155; x_wconf 85' lang='lat' dir='ltr'>dominetur</span> <span class='ocrx_word' id='word_1_94' title='bbox 464 1120 541 1161; x_wconf 92' lang='lat'>154,</span> <span class='ocrx_word' id='word_1_95' title='bbox 567 1120 611 1154; x_wconf 89' lang='lat'>25</span> 
     </span>
    </p>

    <p class='ocr_par' dir='ltr' id='par_1_10' title="bbox 82 1165 840 1251">
     <span class='ocr_line' id='line_1_19' title="bbox 82 1165 840 1212; baseline -0.001 -10"><span class='ocrx_word' id='word_1_96' title='bbox 82 1166 229 1212; x_wconf 85' lang='lat' dir='ltr'>perfidia</span> <span class='ocrx_word' id='word_1_97' title='bbox 261 1168 316 1211; x_wconf 87' lang='lat'>(=</span> <span class='ocrx_word' id='word_1_98' title='bbox 340 1166 516 1208; x_wconf 73' lang='lat' dir='ltr'>haeresis)</span> <span class='ocrx_word' id='word_1_99' title='bbox 549 1165 604 1207; x_wconf 89' lang='lat'>22,</span> <span class='ocrx_word' id='word_1_100' title='bbox 640 1165 692 1201; x_wconf 89' lang='lat'>13.</span> <span class='ocrx_word' id='word_1_101' title='bbox 727 1165 782 1207; x_wconf 89' lang='lat'>70,</span> <span class='ocrx_word' id='word_1_102' title='bbox 810 1166 840 1201; x_wconf 87' lang='lat'>7.</span> 
     </span>
     <span class='ocr_line' id='line_1_20' title="bbox 130 1212 437 1251; baseline -0.007 -4"><span class='ocrx_word' id='word_1_103' title='bbox 130 1213 206 1251; x_wconf 85' lang='lat'>130.</span> <span class='ocrx_word' id='word_1_104' title='bbox 232 1213 287 1247; x_wconf 89' lang='lat'>24.</span> <span class='ocrx_word' id='word_1_105' title='bbox 311 1212 389 1251; x_wconf 87' lang='lat'>205,</span> <span class='ocrx_word' id='word_1_106' title='bbox 415 1212 437 1245; x_wconf 88' lang='lat'>4</span> 
     </span>
    </p>

    <p class='ocr_par' dir='ltr' id='par_1_11' title="bbox 80 1257 414 1304">
     <span class='ocr_line' id='line_1_21' title="bbox 80 1257 414 1304; baseline -0.006 -11"><span class='ocrx_word' id='word_1_107' title='bbox 80 1258 244 1304; x_wconf 87' lang='lat' dir='ltr'>perfinire</span> <span class='ocrx_word' id='word_1_108' title='bbox 267 1257 345 1299; x_wconf 86' lang='lat'>251,</span> <span class='ocrx_word' id='word_1_109' title='bbox 370 1257 414 1292; x_wconf 89' lang='lat'>28</span> 
     </span>
    </p>

    <p class='ocr_par' dir='ltr' id='par_1_12' title="bbox 81 1302 842 1395">
     <span class='ocr_line' id='line_1_22' title="bbox 81 1302 842 1350; baseline -0.001 -11"><span class='ocrx_word' id='word_1_110' title='bbox 81 1315 125 1350; x_wconf 89' lang='lat' dir='ltr'>pe</span> <span class='ocrx_word' id='word_1_111' title='bbox 178 1304 184 1311; x_wconf 82' lang='lat'>&#39;</span> <span class='ocrx_word' id='word_1_112' title='bbox 213 1314 328 1339; x_wconf 84' lang='lat' dir='ltr'>escere</span> <span class='ocrx_word' id='word_1_113' title='bbox 353 1303 390 1337; x_wconf 92' lang='lat' dir='ltr'>in</span> <span class='ocrx_word' id='word_1_114' title='bbox 415 1313 514 1337; x_wconf 89' lang='lat' dir='ltr'>ouem</span> <span class='ocrx_word' id='word_1_115' title='bbox 538 1302 617 1343; x_wconf 90' lang='lat'>295,</span> <span class='ocrx_word' id='word_1_116' title='bbox 642 1303 674 1338; x_wconf 88' lang='lat'>9.</span> <span class='ocrx_word' id='word_1_117' title='bbox 699 1314 842 1348; x_wconf 89' lang='lat' dir='ltr'>quorum</span> 
     </span>
     <span class='ocr_line' id='line_1_23' title="bbox 128 1348 624 1395; baseline -0.004 -11"><span class='ocrx_word' id='word_1_118' title='bbox 128 1361 171 1395; x_wconf 91' lang='lat' dir='ltr'>pe</span> <span class='ocrx_word' id='word_1_119' title='bbox 222 1350 230 1356; x_wconf 86' lang='lat'><strong>’</strong></span> <span class='ocrx_word' id='word_1_120' title='bbox 257 1349 322 1384; x_wconf 88' lang='lat' dir='ltr'>erit</span> <span class='ocrx_word' id='word_1_121' title='bbox 346 1349 474 1383; x_wconf 87' lang='lat' dir='ltr'>caritas</span> <span class='ocrx_word' id='word_1_122' title='bbox 502 1348 578 1390; x_wconf 90' lang='lat'>189,</span> <span class='ocrx_word' id='word_1_123' title='bbox 605 1349 624 1382; x_wconf 93' lang='lat'>7</span> 
     </span>
    </p>

    <p class='ocr_par' dir='ltr' id='par_1_13' title="bbox 82 1394 538 1440">
     <span class='ocr_line' id='line_1_24' title="bbox 82 1394 538 1440; baseline -0.004 -10"><span class='ocrx_word' id='word_1_124' title='bbox 82 1396 235 1440; x_wconf 81' lang='lat' dir='ltr'>perlator</span> <span class='ocrx_word' id='word_1_125' title='bbox 260 1394 388 1429; x_wconf 86' lang='lat' dir='ltr'>codicis</span> <span class='ocrx_word' id='word_1_126' title='bbox 413 1394 491 1438; x_wconf 93' lang='lat'>322,</span> <span class='ocrx_word' id='word_1_127' title='bbox 516 1395 538 1428; x_wconf 88' lang='lat'>4</span> 
     </span>
    </p>

    <p class='ocr_par' dir='ltr' id='par_1_14' title="bbox 81 1440 839 1486">
     <span class='ocr_line' id='line_1_25' title="bbox 81 1440 839 1486; baseline 0 -11"><span class='ocrx_word' id='word_1_128' title='bbox 81 1441 266 1486; x_wconf 89' lang='lat' dir='ltr'>permittor</span> <span class='ocrx_word' id='word_1_129' title='bbox 281 1440 396 1475; x_wconf 87' lang='lat' dir='ltr'>facere</span> <span class='ocrx_word' id='word_1_130' title='bbox 414 1444 447 1474; x_wconf 78' lang='lat' dir='ltr'>et</span> <span class='ocrx_word' id='word_1_131' title='bbox 465 1440 544 1476; x_wconf 81' lang='lat' dir='ltr'>sim.</span> <span class='ocrx_word' id='word_1_132' title='bbox 560 1440 607 1483; x_wconf 78' lang='lat' dir='ltr'>cf.</span> <span class='ocrx_word' id='word_1_133' title='bbox 622 1440 839 1483; x_wconf 73' lang='lat' dir='ltr'>infinitiuus</span> 
     </span>
    </p>

    <p class='ocr_par' dir='ltr' id='par_1_15' title="bbox 79 1486 839 1566">
     <span class='ocr_line' id='line_1_26' title="bbox 79 1486 839 1566; baseline -0.004 -44"><span class='ocrx_word' id='word_1_134' title='bbox 79 1496 223 1566; x_wconf 55' lang='lat' dir='ltr'>perogus</span> <span class='ocrx_word' id='word_1_135' title='bbox 250 1487 326 1528; x_wconf 90' lang='grc'>117,</span> <span class='ocrx_word' id='word_1_136' title='bbox 353 1486 384 1520; x_wconf 92' lang='grc'>6.</span> <span class='ocrx_word' id='word_1_137' title='bbox 411 1486 559 1527; x_wconf 90' lang='grc'>148,15.</span> <span class='ocrx_word' id='word_1_138' title='bbox 586 1486 663 1526; x_wconf 89' lang='grc'>161,</span> <span class='ocrx_word' id='word_1_139' title='bbox 680 1486 734 1521; x_wconf 91' lang='grc'>22.</span> <span class='ocrx_word' id='word_1_140' title='bbox 763 1486 839 1527; x_wconf 84' lang='grc'>169,</span> 
     </span>
    </p>

    <p class='ocr_par' dir='ltr' id='par_1_16' title="bbox 81 1576 839 1755">
     <span class='ocr_line' id='line_1_27' title="bbox 81 1576 836 1623; baseline -0.004 -11"><span class='ocrx_word' id='word_1_141' title='bbox 81 1578 272 1623; x_wconf 85' lang='lat' dir='ltr'>perpetrari</span> <span class='ocrx_word' id='word_1_142' title='bbox 295 1577 389 1611; x_wconf 88' lang='lat' dir='ltr'>mala</span> <span class='ocrx_word' id='word_1_143' title='bbox 415 1577 491 1618; x_wconf 89' lang='lat'>101,</span> <span class='ocrx_word' id='word_1_144' title='bbox 519 1577 549 1612; x_wconf 92' lang='lat'>1.</span> <span class='ocrx_word' id='word_1_145' title='bbox 575 1576 652 1612; x_wconf 85' lang='lat'>154.</span> <span class='ocrx_word' id='word_1_146' title='bbox 680 1577 732 1612; x_wconf 89' lang='lat'>18.</span> <span class='ocrx_word' id='word_1_147' title='bbox 759 1577 836 1618; x_wconf 89' lang='lat'>175,</span> 
     </span>
     <span class='ocr_line' id='line_1_28' title="bbox 130 1622 837 1664; baseline -0.003 -6"><span class='ocrx_word' id='word_1_148' title='bbox 130 1625 183 1658; x_wconf 81' lang='lat'>16.</span> <span class='ocrx_word' id='word_1_149' title='bbox 217 1623 291 1664; x_wconf 91' lang='lat'>178,</span> <span class='ocrx_word' id='word_1_150' title='bbox 319 1623 370 1658; x_wconf 93' lang='lat'>19.</span> <span class='ocrx_word' id='word_1_151' title='bbox 403 1622 480 1663; x_wconf 89' lang='lat'>198,</span> <span class='ocrx_word' id='word_1_152' title='bbox 507 1623 561 1657; x_wconf 88' lang='lat'>23.</span> <span class='ocrx_word' id='word_1_153' title='bbox 591 1623 670 1663; x_wconf 86' lang='lat'>210,</span> <span class='ocrx_word' id='word_1_154' title='bbox 695 1623 730 1656; x_wconf 83' lang='lat'>4.</span> <span class='ocrx_word' id='word_1_155' title='bbox 759 1623 837 1664; x_wconf 88' lang='lat'>250,</span> 
     </span>
     <span class='ocr_line' id='line_1_29' title="bbox 129 1668 839 1713; baseline -0.001 -10"><span class='ocrx_word' id='word_1_156' title='bbox 129 1670 182 1704; x_wconf 94' lang='lat'>29.</span> <span class='ocrx_word' id='word_1_157' title='bbox 200 1672 280 1713; x_wconf 86' lang='lat' dir='ltr'>post</span> <span class='ocrx_word' id='word_1_158' title='bbox 296 1671 435 1703; x_wconf 87' lang='lat' dir='ltr'>tantum</span> <span class='ocrx_word' id='word_1_159' title='bbox 450 1668 586 1703; x_wconf 84' lang='lat' dir='ltr'>facinus</span> <span class='ocrx_word' id='word_1_160' title='bbox 602 1670 839 1713; x_wconf 87' lang='lat' dir='ltr'>perpetratum</span> 
     </span>
     <span class='ocr_line' id='line_1_30' title="bbox 127 1715 254 1755; baseline -0.008 -6"><span class='ocrx_word' id='word_1_161' title='bbox 127 1716 184 1755; x_wconf 88' lang='lat'>41,</span> <span class='ocrx_word' id='word_1_162' title='bbox 212 1715 254 1749; x_wconf 90' lang='lat'>15</span> 
     </span>
    </p>

    <p class='ocr_par' dir='ltr' id='par_1_17' title="bbox 82 1759 474 1807">
     <span class='ocr_line' id='line_1_31' title="bbox 82 1759 474 1807; baseline -0.008 -10"><span class='ocrx_word' id='word_1_163' title='bbox 82 1764 300 1807; x_wconf 85' lang='lat' dir='ltr'>perpetrator</span> <span class='ocrx_word' id='word_1_164' title='bbox 325 1759 401 1801; x_wconf 85' lang='lat'>133,</span> <span class='ocrx_word' id='word_1_165' title='bbox 429 1760 474 1794; x_wconf 91' lang='lat'>26</span> 
     </span>
    </p>

    <p class='ocr_par' dir='ltr' id='par_1_18' title="bbox 81 1805 837 1897">
     <span class='ocr_line' id='line_1_32' title="bbox 81 1805 837 1853; baseline -0.003 -11"><span class='ocrx_word' id='word_1_166' title='bbox 81 1817 265 1853; x_wconf 81' lang='lat' dir='ltr'>personam</span> <span class='ocrx_word' id='word_1_167' title='bbox 287 1810 386 1840; x_wconf 85' lang='lat' dir='ltr'>tuam</span> <span class='ocrx_word' id='word_1_168' title='bbox 410 1805 618 1840; x_wconf 80' lang='lat' dir='ltr'>existimasti</span> <span class='ocrx_word' id='word_1_169' title='bbox 636 1805 837 1840; x_wconf 85' lang='lat' dir='ltr'>erubescere</span> 
     </span>
     <span class='ocr_line' id='line_1_33' title="bbox 128 1850 550 1897; baseline -0.005 -10"><span class='ocrx_word' id='word_1_170' title='bbox 128 1863 197 1887; x_wconf 92' lang='lat' dir='ltr'>non</span> <span class='ocrx_word' id='word_1_171' title='bbox 222 1852 377 1897; x_wconf 87' lang='lat' dir='ltr'>potuisse</span> <span class='ocrx_word' id='word_1_172' title='bbox 403 1852 479 1891; x_wconf 86' lang='lat'>115,</span> <span class='ocrx_word' id='word_1_173' title='bbox 508 1850 550 1885; x_wconf 90' lang='grc'>18</span> 
     </span>
    </p>

    <p class='ocr_par' dir='ltr' id='par_1_19' title="bbox 80 1897 839 1988">
     <span class='ocr_line' id='line_1_34' title="bbox 80 1897 839 1944; baseline -0.004 -11"><span class='ocrx_word' id='word_1_174' title='bbox 80 1898 350 1944; x_wconf 76' lang='lat' dir='ltr'>pertexerint(‘?)</span> <span class='ocrx_word' id='word_1_175' title='bbox 381 1897 534 1932; x_wconf 87' lang='lat' dir='ltr'>animum</span> <span class='ocrx_word' id='word_1_176' title='bbox 563 1898 662 1930; x_wconf 81' lang='lat' dir='ltr'>tuum</span> <span class='ocrx_word' id='word_1_177' title='bbox 687 1906 839 1931; x_wconf 87' lang='lat' dir='ltr'>errorum</span> 
     </span>
     <span class='ocr_line' id='line_1_35' title="bbox 128 1942 467 1988; baseline -0.006 -10"><span class='ocrx_word' id='word_1_178' title='bbox 128 1944 294 1988; x_wconf 78' lang='lat' dir='ltr'>caligines</span> <span class='ocrx_word' id='word_1_179' title='bbox 322 1942 397 1983; x_wconf 84' lang='lat'>143,</span> <span class='ocrx_word' id='word_1_180' title='bbox 425 1943 467 1976; x_wconf 91' lang='lat'>14</span> 
     </span>
    </p>

    <p class='ocr_par' dir='ltr' id='par_1_20' title="bbox 82 1987 838 2166">
     <span class='ocr_line' id='line_1_36' title="bbox 82 1987 837 2036; baseline -0.004 -12"><span class='ocrx_word' id='word_1_181' title='bbox 82 1990 280 2036; x_wconf 89' lang='lat' dir='ltr'>peruenisse</span> <span class='ocrx_word' id='word_1_182' title='bbox 306 1988 406 2023; x_wconf 90' lang='lat' dir='ltr'>credo</span> <span class='ocrx_word' id='word_1_183' title='bbox 424 1989 532 2023; x_wconf 87' lang='lat' dir='ltr'>etiam</span> <span class='ocrx_word' id='word_1_184' title='bbox 548 1987 594 2022; x_wconf 87' lang='lat' dir='ltr'>ad</span> <span class='ocrx_word' id='word_1_185' title='bbox 610 1988 837 2022; x_wconf 82' lang='lat' dir='ltr'>sanctitatem</span> 
     </span>
     <span class='ocr_line' id='line_1_37' title="bbox 127 2033 838 2079; baseline -0.003 -10"><span class='ocrx_word' id='word_1_186' title='bbox 127 2038 224 2070; x_wconf 86' lang='lat' dir='ltr'>tuam</span> <span class='ocrx_word' id='word_1_187' title='bbox 248 2034 291 2069; x_wconf 89' lang='lat' dir='ltr'>de</span> <span class='ocrx_word' id='word_1_188' title='bbox 315 2034 557 2079; x_wconf 84' lang='lat' dir='ltr'>persecutione</span> <span class='ocrx_word' id='word_1_189' title='bbox 589 2033 668 2074; x_wconf 87' lang='lat'>324,</span> <span class='ocrx_word' id='word_1_190' title='bbox 696 2034 724 2068; x_wconf 92' lang='lat'>1.</span> <span class='ocrx_word' id='word_1_191' title='bbox 765 2044 838 2078; x_wconf 88' lang='lat' dir='ltr'>per-</span> 
     </span>
     <span class='ocr_line' id='line_1_38' title="bbox 128 2079 838 2123; baseline -0.001 -9"><span class='ocrx_word' id='word_1_192' title='bbox 128 2081 227 2115; x_wconf 86' lang='lat' dir='ltr'>uenit</span> <span class='ocrx_word' id='word_1_193' title='bbox 251 2079 296 2114; x_wconf 87' lang='lat' dir='ltr'>ad</span> <span class='ocrx_word' id='word_1_194' title='bbox 320 2091 383 2114; x_wconf 86' lang='lat' dir='ltr'>nos</span> <span class='ocrx_word' id='word_1_195' title='bbox 408 2079 585 2123; x_wconf 80' lang='lat' dir='ltr'>scripsisse</span> <span class='ocrx_word' id='word_1_196' title='bbox 611 2079 838 2114; x_wconf 80' lang='lat' dir='ltr'>sanctitatem</span> 
     </span>
     <span class='ocr_line' id='line_1_39' title="bbox 127 2125 395 2166; baseline -0.004 -6"><span class='ocrx_word' id='word_1_197' title='bbox 127 2129 224 2160; x_wconf 85' lang='lat' dir='ltr'>tuam</span> <span class='ocrx_word' id='word_1_198' title='bbox 248 2125 325 2166; x_wconf 91' lang='lat'>323,</span> <span class='ocrx_word' id='word_1_199' title='bbox 353 2126 395 2159; x_wconf 91' lang='lat'>15</span> 
     </span>
    </p>

    <p class='ocr_par' dir='ltr' id='par_1_21' title="bbox 81 2169 739 2218">
     <span class='ocr_line' id='line_1_40' title="bbox 81 2169 739 2218; baseline -0.005 -11"><span class='ocrx_word' id='word_1_200' title='bbox 81 2176 198 2218; x_wconf 86' lang='lat' dir='ltr'>pestes</span> <span class='ocrx_word' id='word_1_201' title='bbox 223 2182 284 2206; x_wconf 88' lang='lat' dir='ltr'>uos</span> <span class='ocrx_word' id='word_1_202' title='bbox 306 2182 345 2206; x_wconf 84' lang='lat' dir='ltr'>ac</span> <span class='ocrx_word' id='word_1_203' title='bbox 370 2171 443 2205; x_wconf 88' lang='lat' dir='ltr'>lues</span> <span class='ocrx_word' id='word_1_204' title='bbox 468 2169 587 2215; x_wconf 83' lang='lat' dir='ltr'>fugere</span> <span class='ocrx_word' id='word_1_205' title='bbox 615 2170 669 2211; x_wconf 87' lang='lat'>11,</span> <span class='ocrx_word' id='word_1_206' title='bbox 695 2170 739 2205; x_wconf 87' lang='lat'>25</span> 
     </span>
    </p>

    <p class='ocr_par' dir='ltr' id='par_1_22' title="bbox 82 2216 711 2264">
     <span class='ocr_line' id='line_1_41' title="bbox 82 2216 711 2264; baseline -0.005 -11"><span class='ocrx_word' id='word_1_207' title='bbox 82 2217 306 2264; x_wconf 82' lang='lat' dir='ltr'>pestilentiae</span> <span class='ocrx_word' id='word_1_208' title='bbox 330 2217 422 2251; x_wconf 82' lang='lat' dir='ltr'>filius</span> <span class='ocrx_word' id='word_1_209' title='bbox 449 2216 504 2259; x_wconf 92' lang='lat'>13,</span> <span class='ocrx_word' id='word_1_210' title='bbox 529 2216 583 2251; x_wconf 88' lang='lat'>29.</span> <span class='ocrx_word' id='word_1_211' title='bbox 608 2216 664 2255; x_wconf 89' lang='lat'>88,</span> <span class='ocrx_word' id='word_1_212' title='bbox 689 2216 711 2250; x_wconf 87' lang='lat'>4</span> 
     </span>
    </p>

    <p class='ocr_par' dir='ltr' id='par_1_23' title="bbox 81 2262 839 2309">
     <span class='ocr_line' id='line_1_42' title="bbox 81 2262 839 2309; baseline -0.004 -11"><span class='ocrx_word' id='word_1_213' title='bbox 81 2266 217 2309; x_wconf 77' lang='lat' dir='ltr'>petere:</span> <span class='ocrx_word' id='word_1_214' title='bbox 246 2263 446 2308; x_wconf 85' lang='lat' dir='ltr'>petiuerunt</span> <span class='ocrx_word' id='word_1_215' title='bbox 477 2262 620 2296; x_wconf 89' lang='lat' dir='ltr'>crimine</span> <span class='ocrx_word' id='word_1_216' title='bbox 645 2262 839 2296; x_wconf 86' lang='lat' dir='ltr'>Susannam</span> 
     </span>
    </p>

    <p class='ocr_par' dir='ltr' id='par_1_24' title="bbox 74 2306 837 2353">
     <span class='ocr_line' id='line_1_43' title="bbox 74 2306 837 2353; baseline -0.001 -10"><span class='ocrx_word' id='word_1_217' title='bbox 74 2340 77 2343; x_wconf 84' lang='lat'>.</span> <span class='ocrx_word' id='word_1_218' title='bbox 132 2309 207 2349; x_wconf 87' lang='lat'>161,</span> <span class='ocrx_word' id='word_1_219' title='bbox 235 2309 265 2343; x_wconf 87' lang='lat'>6.</span> <span class='ocrx_word' id='word_1_220' title='bbox 292 2319 391 2353; x_wconf 87' lang='lat' dir='ltr'>quem</span> <span class='ocrx_word' id='word_1_221' title='bbox 416 2307 551 2342; x_wconf 83' lang='lat' dir='ltr'>sciebas</span> <span class='ocrx_word' id='word_1_222' title='bbox 575 2306 664 2342; x_wconf 87' lang='lat' dir='ltr'>false</span> <span class='ocrx_word' id='word_1_223' title='bbox 688 2308 837 2352; x_wconf 87' lang='lat' dir='ltr'>petitum</span> 
     </span>
    </p>

    <p class='ocr_par' dir='ltr' id='par_1_25' title="bbox 82 2398 838 2445">
     <span class='ocr_line' id='line_1_44' title="bbox 82 2398 838 2445; baseline -0.003 -10"><span class='ocrx_word' id='word_1_224' title='bbox 82 2401 230 2445; x_wconf 85' lang='lat' dir='ltr'>petitus:</span> <span class='ocrx_word' id='word_1_225' title='bbox 256 2398 301 2434; x_wconf 85' lang='lat' dir='ltr'>ad</span> <span class='ocrx_word' id='word_1_226' title='bbox 325 2399 475 2443; x_wconf 86' lang='lat' dir='ltr'>petitum</span> <span class='ocrx_word' id='word_1_227' title='bbox 499 2398 623 2433; x_wconf 85' lang='lat' dir='ltr'>Heliae</span> <span class='ocrx_word' id='word_1_228' title='bbox 649 2399 703 2440; x_wconf 90' lang='grc'>98,</span> <span class='ocrx_word' id='word_1_229' title='bbox 724 2399 776 2435; x_wconf 92' lang='grc'>10.</span> <span class='ocrx_word' id='word_1_230' title='bbox 797 2399 838 2433; x_wconf 91' lang='grc'>18</span> 
     </span>
    </p>

    <p class='ocr_par' dir='ltr' id='par_1_26' title="bbox 72 2444 602 2491">
     <span class='ocr_line' id='line_1_45' title="bbox 72 2444 602 2491; baseline -0.004 -11"><span class='ocrx_word' id='word_1_231' title='bbox 72 2445 269 2491; x_wconf 83' lang='lat' dir='ltr'>phantasia</span> <span class='ocrx_word' id='word_1_232' title='bbox 293 2444 371 2485; x_wconf 88' lang='grc'>212,</span> <span class='ocrx_word' id='word_1_233' title='bbox 398 2445 428 2480; x_wconf 90' lang='grc'>8.</span> <span class='ocrx_word' id='word_1_234' title='bbox 453 2445 532 2485; x_wconf 88' lang='lat'>325,</span> <span class='ocrx_word' id='word_1_235' title='bbox 558 2444 602 2478; x_wconf 88' lang='lat'>20</span> 
     </span>
    </p>

    <p class='ocr_par' dir='ltr' id='par_1_27' title="bbox 82 2490 565 2536">
     <span class='ocr_line' id='line_1_46' title="bbox 82 2490 565 2536; baseline -0.006 -10"><span class='ocrx_word' id='word_1_236' title='bbox 82 2491 255 2536; x_wconf 79' lang='lat' dir='ltr'>piaculum</span> <span class='ocrx_word' id='word_1_237' title='bbox 278 2490 391 2525; x_wconf 82' lang='lat' dir='ltr'>facere</span> <span class='ocrx_word' id='word_1_238' title='bbox 415 2490 495 2530; x_wconf 85' lang='lat'>265,</span> <span class='ocrx_word' id='word_1_239' title='bbox 520 2490 565 2524; x_wconf 85' lang='lat'>29</span> 
     </span>
    </p>

    <p class='ocr_par' dir='ltr' id='par_1_28' title="bbox 81 2536 512 2582">
     <span class='ocr_line' id='line_1_47' title="bbox 81 2536 512 2582; baseline -0.005 -11"><span class='ocrx_word' id='word_1_240' title='bbox 81 2537 236 2582; x_wconf 85' lang='lat' dir='ltr'>piissime</span> <span class='ocrx_word' id='word_1_241' title='bbox 259 2547 338 2571; x_wconf 80' lang='lat' dir='ltr'>uoc.</span> <span class='ocrx_word' id='word_1_242' title='bbox 364 2536 441 2576; x_wconf 86' lang='grc'>191,</span> <span class='ocrx_word' id='word_1_243' title='bbox 470 2537 512 2570; x_wconf 88' lang='grc'>15</span> 
     </span>
    </p>

    <p class='ocr_par' dir='ltr' id='par_1_29' title="bbox 82 2581 549 2627">
     <span class='ocr_line' id='line_1_48' title="bbox 82 2581 549 2627; baseline -0.002 -11"><span class='ocrx_word' id='word_1_244' title='bbox 82 2581 220 2627; x_wconf 83' lang='lat' dir='ltr'>plebeia</span> <span class='ocrx_word' id='word_1_245' title='bbox 243 2581 398 2616; x_wconf 88' lang='lat' dir='ltr'>conditio</span> <span class='ocrx_word' id='word_1_246' title='bbox 423 2582 479 2622; x_wconf 88' lang='grc'>35,</span> <span class='ocrx_word' id='word_1_247' title='bbox 505 2581 549 2616; x_wconf 91' lang='grc'>20</span> 
     </span>
    </p>

    <p class='ocr_par' dir='ltr' id='par_1_30' title="bbox 82 2626 839 2758">
     <span class='ocr_line' id='line_1_49' title="bbox 82 2626 838 2673; baseline -0.001 -11"><span class='ocrx_word' id='word_1_248' title='bbox 82 2627 220 2673; x_wconf 87' lang='lat' dir='ltr'>plebes:</span> <span class='ocrx_word' id='word_1_249' title='bbox 244 2626 400 2661; x_wconf 89' lang='lat' dir='ltr'>tollendo</span> <span class='ocrx_word' id='word_1_250' title='bbox 425 2627 624 2662; x_wconf 81' lang='lat' dir='ltr'>sacerdotes</span> <span class='ocrx_word' id='word_1_251' title='bbox 643 2639 660 2662; x_wconf 92' lang='lat' dir='ltr'>e</span> <span class='ocrx_word' id='word_1_252' title='bbox 677 2627 838 2672; x_wconf 81' lang='lat' dir='ltr'>plebibus</span> 
     </span>
     <span class='ocr_line' id='line_1_50' title="bbox 129 2672 839 2718; baseline -0.001 -10"><span class='ocrx_word' id='word_1_253' title='bbox 129 2672 183 2711; x_wconf 77' lang='lat'>83.</span> <span class='ocrx_word' id='word_1_254' title='bbox 215 2672 270 2707; x_wconf 87' lang='lat'>22.</span> <span class='ocrx_word' id='word_1_255' title='bbox 308 2672 390 2712; x_wconf 89' lang='grc'>201,</span> <span class='ocrx_word' id='word_1_256' title='bbox 422 2675 454 2707; x_wconf 91' lang='grc'>8.</span> <span class='ocrx_word' id='word_1_257' title='bbox 502 2672 644 2708; x_wconf 87' lang='lat' dir='ltr'>dicebat</span> <span class='ocrx_word' id='word_1_258' title='bbox 678 2673 839 2718; x_wconf 83' lang='lat' dir='ltr'>plebibus</span> 
     </span>
     <span class='ocr_line' id='line_1_51' title="bbox 128 2717 415 2758; baseline 0 -6"><span class='ocrx_word' id='word_1_259' title='bbox 128 2720 242 2753; x_wconf 83' lang='lat' dir='ltr'>terrae</span> <span class='ocrx_word' id='word_1_260' title='bbox 266 2717 345 2758; x_wconf 87' lang='lat'>237,</span> <span class='ocrx_word' id='word_1_261' title='bbox 371 2718 415 2752; x_wconf 89' lang='grc'>23</span> 
     </span>
    </p>

    <p class='ocr_par' dir='ltr' id='par_1_31' title="bbox 83 2762 840 2850">
     <span class='ocr_line' id='line_1_52' title="bbox 83 2762 840 2809; baseline 0.003 -12"><span class='ocrx_word' id='word_1_262' title='bbox 83 2762 185 2807; x_wconf 89' lang='lat' dir='ltr'>plene</span> <span class='ocrx_word' id='word_1_263' title='bbox 209 2763 327 2798; x_wconf 87' lang='lat' dir='ltr'>uidere</span> <span class='ocrx_word' id='word_1_264' title='bbox 351 2763 408 2805; x_wconf 89' lang='lat'>84,</span> <span class='ocrx_word' id='word_1_265' title='bbox 433 2764 465 2799; x_wconf 90' lang='lat'>4.</span> <span class='ocrx_word' id='word_1_266' title='bbox 490 2763 690 2809; x_wconf 84' lang='lat' dir='ltr'>plenissime</span> <span class='ocrx_word' id='word_1_267' title='bbox 716 2765 840 2800; x_wconf 80' lang='lat' dir='ltr'>exami-</span> 
     </span>
     <span class='ocr_line' id='line_1_53' title="bbox 129 2809 353 2850; baseline -0.004 -7"><span class='ocrx_word' id='word_1_268' title='bbox 129 2809 205 2843; x_wconf 88' lang='lat' dir='ltr'>nari</span> <span class='ocrx_word' id='word_1_269' title='bbox 231 2809 306 2850; x_wconf 89' lang='grc'>191,</span> <span class='ocrx_word' id='word_1_270' title='bbox 332 2809 353 2843; x_wconf 88' lang='grc'>2</span> 
     </span>
    </p>

    <p class='ocr_par' dir='ltr' id='par_1_32' title="bbox 84 2853 340 2898">
     <span class='ocr_line' id='line_1_54' title="bbox 84 2853 340 2898; baseline -0.004 -10"><span class='ocrx_word' id='word_1_271' title='bbox 84 2853 214 2898; x_wconf 86' lang='lat' dir='ltr'>plurale</span> <span class='ocrx_word' id='word_1_272' title='bbox 239 2855 295 2895; x_wconf 88' lang='lat'>30,</span> <span class='ocrx_word' id='word_1_273' title='bbox 322 2854 340 2887; x_wconf 92' lang='lat'>7</span> 
     </span>
    </p>
   </div>
   <div class='ocr_carea' id='block_1_3' title="bbox 1576 221 1658 266">
    <p class='ocr_par' dir='ltr' id='par_1_33' title="bbox 1576 221 1658 266">
     <span class='ocr_line' id='line_1_55' title="bbox 1576 221 1658 266; baseline -0.024 0"><span class='ocrx_word' id='word_1_274' title='bbox 1576 221 1658 266; x_wconf 84' lang='lat'>371</span> 
     </span>
    </p>
   </div>
   <div class='ocr_carea' id='block_1_4' title="bbox 896 344 1659 2898">
    <p class='ocr_par' dir='ltr' id='par_1_34' title="bbox 899 344 1657 481">
     <span class='ocr_line' id='line_1_56' title="bbox 899 344 1656 391; baseline 0 -12"><span class='ocrx_word' id='word_1_275' title='bbox 899 344 976 390; x_wconf 91' lang='lat' dir='ltr'>plus</span> <span class='ocrx_word' id='word_1_276' title='bbox 1001 345 1061 391; x_wconf 90' lang='lat'>(=</span> <span class='ocrx_word' id='word_1_277' title='bbox 1080 345 1219 391; x_wconf 81' lang='lat' dir='ltr'>pluris)</span> <span class='ocrx_word' id='word_1_278' title='bbox 1250 356 1392 380; x_wconf 89' lang='lat' dir='ltr'>mensae</span> <span class='ocrx_word' id='word_1_279' title='bbox 1422 347 1504 380; x_wconf 87' lang='lat' dir='ltr'>tuae</span> <span class='ocrx_word' id='word_1_280' title='bbox 1537 345 1656 390; x_wconf 87' lang='lat' dir='ltr'>copias</span> 
     </span>
     <span class='ocr_line' id='line_1_57' title="bbox 945 389 1657 436; baseline 0 -11"><span class='ocrx_word' id='word_1_281' title='bbox 945 390 1104 425; x_wconf 90' lang='lat' dir='ltr'>fecerunt</span> <span class='ocrx_word' id='word_1_282' title='bbox 1134 391 1213 433; x_wconf 89' lang='grc'>200,</span> <span class='ocrx_word' id='word_1_283' title='bbox 1240 391 1271 427; x_wconf 89' lang='grc'>6.</span> <span class='ocrx_word' id='word_1_284' title='bbox 1301 391 1350 435; x_wconf 82' lang='lat' dir='ltr'>cf.</span> <span class='ocrx_word' id='word_1_285' title='bbox 1383 389 1438 433; x_wconf 88' lang='lat'>58,</span> <span class='ocrx_word' id='word_1_286' title='bbox 1471 390 1525 426; x_wconf 91' lang='lat'>21.</span> <span class='ocrx_word' id='word_1_287' title='bbox 1573 390 1657 436; x_wconf 89' lang='lat' dir='ltr'>quid</span> 
     </span>
     <span class='ocr_line' id='line_1_58' title="bbox 944 435 1374 481; baseline 0.002 -11"><span class='ocrx_word' id='word_1_288' title='bbox 944 436 1020 481; x_wconf 86' lang='lat' dir='ltr'>plus</span> <span class='ocrx_word' id='word_1_289' title='bbox 1046 436 1203 471; x_wconf 81' lang='lat' dir='ltr'>audisti?</span> <span class='ocrx_word' id='word_1_290' title='bbox 1226 436 1305 481; x_wconf 89' lang='lat'>258,</span> <span class='ocrx_word' id='word_1_291' title='bbox 1328 435 1374 471; x_wconf 93' lang='grc'>20</span> 
     </span>
    </p>

    <p class='ocr_par' dir='ltr' id='par_1_35' title="bbox 898 480 1604 527">
     <span class='ocr_line' id='line_1_59' title="bbox 898 480 1604 527; baseline 0 -11"><span class='ocrx_word' id='word_1_292' title='bbox 898 482 1055 526; x_wconf 86' lang='lat' dir='ltr'>poenarii</span> <span class='ocrx_word' id='word_1_293' title='bbox 1078 482 1289 527; x_wconf 84' lang='lat' dir='ltr'>receptaculi</span> <span class='ocrx_word' id='word_1_294' title='bbox 1312 481 1432 516; x_wconf 88' lang='lat' dir='ltr'>horror</span> <span class='ocrx_word' id='word_1_295' title='bbox 1455 481 1534 524; x_wconf 87' lang='lat'>298,</span> <span class='ocrx_word' id='word_1_296' title='bbox 1559 480 1604 516; x_wconf 89' lang='lat'>29</span> 
     </span>
    </p>

    <p class='ocr_par' dir='ltr' id='par_1_36' title="bbox 898 527 1235 571">
     <span class='ocr_line' id='line_1_60' title="bbox 898 527 1235 571; baseline 0.003 -9"><span class='ocrx_word' id='word_1_297' title='bbox 898 530 1060 571; x_wconf 81' lang='lat' dir='ltr'>poetasse</span> <span class='ocrx_word' id='word_1_298' title='bbox 1086 528 1164 569; x_wconf 91' lang='grc'>164,</span> <span class='ocrx_word' id='word_1_299' title='bbox 1189 527 1235 563; x_wconf 89' lang='grc'>26</span> 
     </span>
    </p>

    <p class='ocr_par' dir='ltr' id='par_1_37' title="bbox 898 571 1657 882">
     <span class='ocr_line' id='line_1_61' title="bbox 898 571 1654 618; baseline 0.001 -11"><span class='ocrx_word' id='word_1_300' title='bbox 898 583 1046 617; x_wconf 83' lang='lat' dir='ltr'>ponere:</span> <span class='ocrx_word' id='word_1_301' title='bbox 1080 574 1216 618; x_wconf 85' lang='lat' dir='ltr'>positus</span> <span class='ocrx_word' id='word_1_302' title='bbox 1250 573 1288 608; x_wconf 93' lang='lat' dir='ltr'>in</span> <span class='ocrx_word' id='word_1_303' title='bbox 1323 571 1542 608; x_wconf 87' lang='lat' dir='ltr'>sublimitate</span> <span class='ocrx_word' id='word_1_304' title='bbox 1577 572 1654 613; x_wconf 88' lang='grc'>148,</span> 
     </span>
     <span class='ocr_line' id='line_1_62' title="bbox 944 618 1654 699; baseline 0.001 -47"><span class='ocrx_word' id='word_1_305' title='bbox 944 618 998 653; x_wconf 91' lang='grc'>29.</span> <span class='ocrx_word' id='word_1_306' title='bbox 1012 618 1097 653; x_wconf 85' lang='lat' dir='ltr'>foris</span> <span class='ocrx_word' id='word_1_307' title='bbox 1111 622 1233 661; x_wconf 77' lang='lat' dir='ltr'>(extra</span> <span class='ocrx_word' id='word_1_308' title='bbox 1245 618 1448 699; x_wconf 51' lang='lat' dir='ltr'>ecclesiam?</span> <span class='ocrx_word' id='word_1_309' title='bbox 1462 618 1568 663; x_wconf 91' lang='lat' dir='ltr'>positi</span> <span class='ocrx_word' id='word_1_310' title='bbox 1578 618 1654 659; x_wconf 90' lang='lat'>119,</span> 
     </span>
     <span class='ocr_line' id='line_1_63' title="bbox 945 664 1655 708; baseline 0 -10"><span class='ocrx_word' id='word_1_311' title='bbox 945 664 976 699; x_wconf 91' lang='lat'>9.</span> <span class='ocrx_word' id='word_1_312' title='bbox 1003 664 1079 706; x_wconf 92' lang='lat'>181,</span> <span class='ocrx_word' id='word_1_313' title='bbox 1105 666 1136 700; x_wconf 91' lang='lat'>5.</span> <span class='ocrx_word' id='word_1_314' title='bbox 1162 664 1240 706; x_wconf 88' lang='lat'>330,</span> <span class='ocrx_word' id='word_1_315' title='bbox 1260 664 1312 699; x_wconf 93' lang='grc'>10.</span> <span class='ocrx_word' id='word_1_316' title='bbox 1338 664 1414 699; x_wconf 88' lang='lat' dir='ltr'>sine</span> <span class='ocrx_word' id='word_1_317' title='bbox 1443 664 1560 699; x_wconf 84' lang='lat' dir='ltr'>umine</span> <span class='ocrx_word' id='word_1_318' title='bbox 1579 664 1655 708; x_wconf 90' lang='lat'>181,</span> 
     </span>
     <span class='ocr_line' id='line_1_64' title="bbox 944 709 1657 754; baseline 0 -10"><span class='ocrx_word' id='word_1_319' title='bbox 944 709 976 744; x_wconf 89' lang='lat'>2.</span> <span class='ocrx_word' id='word_1_320' title='bbox 1001 711 1078 754; x_wconf 90' lang='lat'>312,</span> <span class='ocrx_word' id='word_1_321' title='bbox 1110 711 1143 751; x_wconf 90' lang='lat'>3,</span> <span class='ocrx_word' id='word_1_322' title='bbox 1179 711 1216 745; x_wconf 91' lang='lat' dir='ltr'>in</span> <span class='ocrx_word' id='word_1_323' title='bbox 1247 709 1340 746; x_wconf 90' lang='lat' dir='ltr'>omni</span> <span class='ocrx_word' id='word_1_324' title='bbox 1371 710 1512 745; x_wconf 86' lang='lat' dir='ltr'>uulnere</span> <span class='ocrx_word' id='word_1_325' title='bbox 1536 710 1657 745; x_wconf 88' lang='lat' dir='ltr'>mortis</span> 
     </span>
     <span class='ocr_line' id='line_1_65' title="bbox 946 755 1656 798; baseline 0.001 -9"><span class='ocrx_word' id='word_1_326' title='bbox 946 755 1023 797; x_wconf 90' lang='lat'>143,</span> <span class='ocrx_word' id='word_1_327' title='bbox 1051 756 1104 797; x_wconf 87' lang='lat'>15,</span> <span class='ocrx_word' id='word_1_328' title='bbox 1131 757 1168 790; x_wconf 90' lang='lat' dir='ltr'>in</span> <span class='ocrx_word' id='word_1_329' title='bbox 1191 767 1298 791; x_wconf 91' lang='lat' dir='ltr'>unum</span> <span class='ocrx_word' id='word_1_330' title='bbox 1315 755 1392 798; x_wconf 88' lang='lat'>192,</span> <span class='ocrx_word' id='word_1_331' title='bbox 1412 755 1466 797; x_wconf 92' lang='grc'>11,</span> <span class='ocrx_word' id='word_1_332' title='bbox 1491 756 1584 790; x_wconf 91' lang='lat' dir='ltr'>inter</span> <span class='ocrx_word' id='word_1_333' title='bbox 1600 767 1656 790; x_wconf 84' lang='lat' dir='ltr'>ex-</span> 
     </span>
     <span class='ocr_line' id='line_1_66' title="bbox 943 800 1657 882; baseline 0.001 -46"><span class='ocrx_word' id='word_1_334' title='bbox 943 801 1011 882; x_wconf 56' lang='lat' dir='ltr'>iltga</span> <span class='ocrx_word' id='word_1_335' title='bbox 1027 802 1105 843; x_wconf 88' lang='lat'>298,</span> <span class='ocrx_word' id='word_1_336' title='bbox 1127 802 1165 837; x_wconf 94' lang='lat'>11</span> <span class='ocrx_word' id='word_1_337' title='bbox 1186 822 1229 828; x_wconf 91' lang='lat'><em>-</em></span> <span class='ocrx_word' id='word_1_338' title='bbox 1252 801 1313 836; x_wconf 87' lang='lat' dir='ltr'>ubi</span> <span class='ocrx_word' id='word_1_339' title='bbox 1329 801 1430 846; x_wconf 87' lang='lat' dir='ltr'>ponis</span> <span class='ocrx_word' id='word_1_340' title='bbox 1446 800 1560 837; x_wconf 80' lang='lat' dir='ltr'>illud?</span> <span class='ocrx_word' id='word_1_341' title='bbox 1580 801 1657 845; x_wconf 89' lang='lat'>183,</span> 
     </span>
    </p>

    <p class='ocr_par' dir='ltr' id='par_1_38' title="bbox 898 891 1656 983">
     <span class='ocr_line' id='line_1_67' title="bbox 898 891 1656 938; baseline 0.001 -12"><span class='ocrx_word' id='word_1_342' title='bbox 898 892 1016 936; x_wconf 88' lang='lat' dir='ltr'>populi</span> <span class='ocrx_word' id='word_1_343' title='bbox 1036 896 1092 934; x_wconf 91' lang='lat'>(=</span> <span class='ocrx_word' id='word_1_344' title='bbox 1105 893 1235 938; x_wconf 82' lang='lat' dir='ltr'>Leute)</span> <span class='ocrx_word' id='word_1_345' title='bbox 1251 893 1329 935; x_wconf 91' lang='lat'>135,</span> <span class='ocrx_word' id='word_1_346' title='bbox 1345 892 1398 927; x_wconf 92' lang='grc'>10.</span> <span class='ocrx_word' id='word_1_347' title='bbox 1417 892 1494 934; x_wconf 90' lang='grc'>150,</span> <span class='ocrx_word' id='word_1_348' title='bbox 1511 893 1563 927; x_wconf 91' lang='grc'>15.</span> <span class='ocrx_word' id='word_1_349' title='bbox 1577 891 1656 931; x_wconf 87' lang='grc'>228,</span> 
     </span>
     <span class='ocr_line' id='line_1_68' title="bbox 947 938 1306 983; baseline 0.003 -11"><span class='ocrx_word' id='word_1_350' title='bbox 947 938 975 973; x_wconf 96' lang='grc'>1.</span> <span class='ocrx_word' id='word_1_351' title='bbox 1001 939 1079 983; x_wconf 89' lang='lat'>232,</span> <span class='ocrx_word' id='word_1_352' title='bbox 1104 939 1135 974; x_wconf 93' lang='lat'>2.</span> <span class='ocrx_word' id='word_1_353' title='bbox 1161 939 1239 979; x_wconf 89' lang='lat'>244,</span> <span class='ocrx_word' id='word_1_354' title='bbox 1263 939 1306 974; x_wconf 90' lang='lat'>31</span> 
     </span>
    </p>

    <p class='ocr_par' dir='ltr' id='par_1_39' title="bbox 899 983 1554 1029">
     <span class='ocr_line' id='line_1_69' title="bbox 899 983 1554 1029; baseline 0 -10"><span class='ocrx_word' id='word_1_355' title='bbox 899 984 1073 1029; x_wconf 86' lang='lat' dir='ltr'>porrigere</span> <span class='ocrx_word' id='word_1_356' title='bbox 1097 995 1193 1029; x_wconf 90' lang='lat' dir='ltr'>spem</span> <span class='ocrx_word' id='word_1_357' title='bbox 1218 985 1255 1019; x_wconf 92' lang='lat' dir='ltr'>in</span> <span class='ocrx_word' id='word_1_358' title='bbox 1279 984 1381 1019; x_wconf 90' lang='lat' dir='ltr'>deum</span> <span class='ocrx_word' id='word_1_359' title='bbox 1407 984 1483 1026; x_wconf 90' lang='lat'>127,</span> <span class='ocrx_word' id='word_1_360' title='bbox 1511 983 1554 1018; x_wconf 89' lang='lat'>14</span> 
     </span>
    </p>

    <p class='ocr_par' dir='ltr' id='par_1_40' title="bbox 899 1030 1383 1074">
     <span class='ocr_line' id='line_1_70' title="bbox 899 1030 1383 1074; baseline 0 -10"><span class='ocrx_word' id='word_1_361' title='bbox 899 1030 1049 1074; x_wconf 86' lang='lat' dir='ltr'>portitor</span> <span class='ocrx_word' id='word_1_362' title='bbox 1074 1031 1150 1074; x_wconf 90' lang='lat'>159,</span> <span class='ocrx_word' id='word_1_363' title='bbox 1177 1031 1229 1065; x_wconf 93' lang='lat'>17.</span> <span class='ocrx_word' id='word_1_364' title='bbox 1255 1030 1334 1071; x_wconf 88' lang='lat'>287,</span> <span class='ocrx_word' id='word_1_365' title='bbox 1361 1031 1383 1065; x_wconf 92' lang='lat'><strong>6</strong></span> 
     </span>
    </p>

    <p class='ocr_par' dir='ltr' id='par_1_41' title="bbox 899 1075 1655 1166">
     <span class='ocr_line' id='line_1_71' title="bbox 899 1075 1655 1120; baseline 0.001 -11"><span class='ocrx_word' id='word_1_366' title='bbox 899 1075 1094 1119; x_wconf 78' lang='lat' dir='ltr'>possidere:</span> <span class='ocrx_word' id='word_1_367' title='bbox 1119 1076 1304 1120; x_wconf 86' lang='lat' dir='ltr'>impuleras</span> <span class='ocrx_word' id='word_1_368' title='bbox 1322 1076 1368 1111; x_wconf 87' lang='lat' dir='ltr'>ad</span> <span class='ocrx_word' id='word_1_369' title='bbox 1392 1087 1432 1110; x_wconf 90' lang='lat' dir='ltr'>su</span> <span class='ocrx_word' id='word_1_370' title='bbox 1457 1075 1590 1111; x_wconf 87' lang='lat' dir='ltr'>erbiam</span> <span class='ocrx_word' id='word_1_371' title='bbox 1604 1077 1655 1110; x_wconf 82' lang='lat' dir='ltr'>te-</span> 
     </span>
     <span class='ocr_line' id='line_1_72' title="bbox 945 1121 1398 1166; baseline 0 -10"><span class='ocrx_word' id='word_1_372' title='bbox 945 1131 1022 1156; x_wconf 89' lang='lat' dir='ltr'>cum</span> <span class='ocrx_word' id='word_1_373' title='bbox 1045 1121 1295 1166; x_wconf 85' lang='lat' dir='ltr'>possidendam</span> <span class='ocrx_word' id='word_1_374' title='bbox 1322 1122 1398 1163; x_wconf 91' lang='grc'>107,</span> 
     </span>
    </p>

    <p class='ocr_par' dir='ltr' id='par_1_42' title="bbox 902 1167 1241 1210">
     <span class='ocr_line' id='line_1_73' title="bbox 902 1167 1241 1210; baseline 0 -9"><span class='ocrx_word' id='word_1_375' title='bbox 902 1167 1067 1210; x_wconf 89' lang='lat' dir='ltr'>possibile</span> <span class='ocrx_word' id='word_1_376' title='bbox 1092 1167 1170 1208; x_wconf 90' lang='lat'>332,</span> <span class='ocrx_word' id='word_1_377' title='bbox 1197 1168 1241 1202; x_wconf 91' lang='lat'>29</span> 
     </span>
    </p>

    <p class='ocr_par' dir='ltr' id='par_1_43' title="bbox 899 1213 1655 1346">
     <span class='ocr_line' id='line_1_74' title="bbox 899 1213 1653 1258; baseline 0.003 -12"><span class='ocrx_word' id='word_1_378' title='bbox 899 1215 999 1256; x_wconf 81' lang='lat' dir='ltr'>post.-</span> <span class='ocrx_word' id='word_1_379' title='bbox 1021 1213 1082 1254; x_wconf 84' lang='lat' dir='ltr'>ire,</span> <span class='ocrx_word' id='word_1_380' title='bbox 1109 1213 1206 1248; x_wconf 89' lang='lat' dir='ltr'>abire</span> <span class='ocrx_word' id='word_1_381' title='bbox 1230 1216 1311 1258; x_wconf 89' lang='lat' dir='ltr'>post</span> <span class='ocrx_word' id='word_1_382' title='bbox 1330 1217 1382 1258; x_wconf 65' lang='grc' dir='ltr'>(τ</span> <span class='ocrx_word' id='word_1_383' title='bbox 1401 1214 1519 1258; x_wconf 80' lang='lat' dir='ltr'>sequi)</span> <span class='ocrx_word' id='word_1_384' title='bbox 1545 1213 1577 1254; x_wconf 88' lang='lat'>5,</span> <span class='ocrx_word' id='word_1_385' title='bbox 1599 1213 1653 1248; x_wconf 88' lang='lat'>22.</span> 
     </span>
     <span class='ocr_line' id='line_1_75' title="bbox 948 1258 1655 1304; baseline 0 -11"><span class='ocrx_word' id='word_1_386' title='bbox 948 1259 1001 1293; x_wconf 89' lang='lat'>16.</span> <span class='ocrx_word' id='word_1_387' title='bbox 1026 1258 1080 1294; x_wconf 89' lang='lat'>23.</span> <span class='ocrx_word' id='word_1_388' title='bbox 1106 1260 1160 1300; x_wconf 91' lang='lat'>74,</span> <span class='ocrx_word' id='word_1_389' title='bbox 1189 1259 1230 1294; x_wconf 90' lang='lat'>12</span> <span class='ocrx_word' id='word_1_390' title='bbox 1255 1259 1418 1304; x_wconf 79' lang='lat' dir='ltr'>saepius.</span> <span class='ocrx_word' id='word_1_391' title='bbox 1466 1261 1546 1304; x_wconf 87' lang='lat' dir='ltr'>post</span> <span class='ocrx_word' id='word_1_392' title='bbox 1570 1259 1655 1294; x_wconf 85' lang='lat' dir='ltr'>haec</span> 
     </span>
     <span class='ocr_line' id='line_1_76' title="bbox 945 1305 1232 1346; baseline 0 -7"><span class='ocrx_word' id='word_1_393' title='bbox 945 1305 1001 1345; x_wconf 90' lang='lat'>38,</span> <span class='ocrx_word' id='word_1_394' title='bbox 1029 1305 1058 1340; x_wconf 88' lang='lat'>7.</span> <span class='ocrx_word' id='word_1_395' title='bbox 1083 1305 1162 1346; x_wconf 89' lang='lat'>241,</span> <span class='ocrx_word' id='word_1_396' title='bbox 1187 1305 1232 1339; x_wconf 90' lang='lat'>29</span> 
     </span>
    </p>

    <p class='ocr_par' dir='ltr' id='par_1_44' title="bbox 899 1350 1659 1716">
     <span class='ocr_line' id='line_1_77' title="bbox 899 1350 1657 1396; baseline 0.003 -12"><span class='ocrx_word' id='word_1_397' title='bbox 899 1353 1127 1396; x_wconf 82' lang='lat' dir='ltr'>posteaquam</span> <span class='ocrx_word' id='word_1_398' title='bbox 1151 1362 1234 1386; x_wconf 82' lang='lat' dir='ltr'>cum</span> <span class='ocrx_word' id='word_1_399' title='bbox 1257 1351 1349 1386; x_wconf 71' lang='lat' dir='ltr'>ctmi.</span> <span class='ocrx_word' id='word_1_400' title='bbox 1371 1350 1657 1396; x_wconf 76' lang='lat' dir='ltr'>plusquamper-</span> 
     </span>
     <span class='ocr_line' id='line_1_78' title="bbox 945 1396 1654 1441; baseline 0.001 -10"><span class='ocrx_word' id='word_1_401' title='bbox 945 1397 1054 1439; x_wconf 80' lang='lat' dir='ltr'>fecti:</span> <span class='ocrx_word' id='word_1_402' title='bbox 1078 1397 1110 1437; x_wconf 91' lang='lat'>9,</span> <span class='ocrx_word' id='word_1_403' title='bbox 1129 1397 1184 1432; x_wconf 86' lang='lat'>21.</span> <span class='ocrx_word' id='word_1_404' title='bbox 1210 1397 1265 1438; x_wconf 90' lang='lat'>54,</span> <span class='ocrx_word' id='word_1_405' title='bbox 1286 1396 1338 1431; x_wconf 93' lang='lat'>18.</span> <span class='ocrx_word' id='word_1_406' title='bbox 1355 1396 1410 1439; x_wconf 88' lang='lat'>98,</span> <span class='ocrx_word' id='word_1_407' title='bbox 1429 1396 1472 1430; x_wconf 90' lang='lat'>25</span> <span class='ocrx_word' id='word_1_408' title='bbox 1489 1397 1654 1441; x_wconf 69' lang='lat' dir='ltr'>saepius.</span> 
     </span>
     <span class='ocr_line' id='line_1_79' title="bbox 940 1441 1657 1487; baseline -0.003 -10"><span class='ocrx_word' id='word_1_409' title='bbox 940 1443 1102 1487; x_wconf 78' lang='lat' dir='ltr'>perfecti</span> <span class='ocrx_word' id='word_1_410' title='bbox 1132 1443 1189 1484; x_wconf 89' lang='lat'>42,</span> <span class='ocrx_word' id='word_1_411' title='bbox 1219 1442 1250 1478; x_wconf 88' lang='lat'>8.</span> <span class='ocrx_word' id='word_1_412' title='bbox 1280 1442 1360 1483; x_wconf 87' lang='grc'>219,</span> <span class='ocrx_word' id='word_1_413' title='bbox 1386 1443 1417 1477; x_wconf 91' lang='grc'>3.</span> <span class='ocrx_word' id='word_1_414' title='bbox 1449 1441 1530 1484; x_wconf 91' lang='grc'>222,</span> <span class='ocrx_word' id='word_1_415' title='bbox 1555 1443 1588 1476; x_wconf 92' lang='grc'>5.</span> <span class='ocrx_word' id='word_1_416' title='bbox 1614 1462 1657 1468; x_wconf 87' lang='grc'><strong>-</strong></span> 
     </span>
     <span class='ocr_line' id='line_1_80' title="bbox 944 1487 1659 1578; baseline 0 -10"><span class='ocrx_word' id='word_1_417' title='bbox 944 1488 1278 1569; x_wconf 60' lang='grc' dir='ltr'>33ῗῖἓέἓὲἑὲιὲἓέ</span> <span class='ocrx_word' id='word_1_418' title='bbox 1265 1487 1530 1578; x_wconf 54' lang='grc' dir='ltr'>,ἓῗεῑέξῖῗῗὲἓὲ</span> <span class='ocrx_word' id='word_1_419' title='bbox 1530 1487 1659 1568; x_wconf 55' lang='grc' dir='ltr'>11ἱὲῐὶἶὲιὲ</span> 
     </span>
     <span class='ocr_line' id='line_1_81' title="bbox 945 1579 1657 1632; baseline 0 -18"><span class='ocrx_word' id='word_1_420' title='bbox 945 1579 1024 1624; x_wconf 87' lang='grc'>222,</span> <span class='ocrx_word' id='word_1_421' title='bbox 1041 1581 1062 1614; x_wconf 89' lang='lat'>5</span> <span class='ocrx_word' id='word_1_422' title='bbox 1080 1600 1123 1605; x_wconf 91' lang='lat'>—</span> <span class='ocrx_word' id='word_1_423' title='bbox 1140 1591 1223 1615; x_wconf 85' lang='lat' dir='ltr'>cum</span> <span class='ocrx_word' id='word_1_424' title='bbox 1235 1580 1350 1615; x_wconf 77' lang='lat' dir='ltr'>indic.</span> <span class='ocrx_word' id='word_1_425' title='bbox 1358 1590 1504 1632; x_wconf 51' lang='lat' dir='ltr'>praesa</span> <span class='ocrx_word' id='word_1_426' title='bbox 1520 1582 1657 1624; x_wconf 87' lang='lat' dir='ltr'>postea—</span> 
     </span>
     <span class='ocr_line' id='line_1_82' title="bbox 946 1624 1656 1670; baseline 0.001 -11"><span class='ocrx_word' id='word_1_427' title='bbox 946 1636 1048 1670; x_wconf 91' lang='lat' dir='ltr'>quam</span> <span class='ocrx_word' id='word_1_428' title='bbox 1071 1636 1133 1670; x_wconf 93' lang='lat' dir='ltr'>per</span> <span class='ocrx_word' id='word_1_429' title='bbox 1155 1628 1192 1660; x_wconf 89' lang='lat' dir='ltr'>te</span> <span class='ocrx_word' id='word_1_430' title='bbox 1215 1626 1444 1660; x_wconf 82' lang='lat' dir='ltr'>interficimur</span> <span class='ocrx_word' id='word_1_431' title='bbox 1467 1624 1546 1667; x_wconf 85' lang='lat'>302,</span> <span class='ocrx_word' id='word_1_432' title='bbox 1566 1626 1599 1667; x_wconf 87' lang='lat'>7,</span> <span class='ocrx_word' id='word_1_433' title='bbox 1624 1637 1656 1669; x_wconf 85' lang='lat' dir='ltr'>p.</span> 
     </span>
     <span class='ocr_line' id='line_1_83' title="bbox 944 1670 1495 1716; baseline 0 -11"><span class='ocrx_word' id='word_1_434' title='bbox 944 1670 1163 1705; x_wconf 88' lang='lat' dir='ltr'>aduersarios</span> <span class='ocrx_word' id='word_1_435' title='bbox 1187 1671 1322 1716; x_wconf 84' lang='lat' dir='ltr'>subigit</span> <span class='ocrx_word' id='word_1_436' title='bbox 1345 1671 1424 1712; x_wconf 89' lang='lat'>218,</span> <span class='ocrx_word' id='word_1_437' title='bbox 1453 1671 1495 1705; x_wconf 92' lang='lat'>18</span> 
     </span>
    </p>

    <p class='ocr_par' dir='ltr' id='par_1_45' title="bbox 898 1716 1657 1797">
     <span class='ocr_line' id='line_1_84' title="bbox 898 1716 1657 1762; baseline 0.004 -11"><span class='ocrx_word' id='word_1_438' title='bbox 898 1719 1043 1761; x_wconf 84' lang='lat' dir='ltr'>potens:</span> <span class='ocrx_word' id='word_1_439' title='bbox 1067 1717 1194 1758; x_wconf 90' lang='lat' dir='ltr'>omnia,</span> <span class='ocrx_word' id='word_1_440' title='bbox 1211 1719 1325 1751; x_wconf 87' lang='lat' dir='ltr'>totum</span> <span class='ocrx_word' id='word_1_441' title='bbox 1341 1719 1466 1762; x_wconf 85' lang='lat' dir='ltr'>potens</span> <span class='ocrx_word' id='word_1_442' title='bbox 1483 1716 1531 1760; x_wconf 80' lang='lat' dir='ltr'>cf.</span> <span class='ocrx_word' id='word_1_443' title='bbox 1549 1728 1657 1754; x_wconf 72' lang='lat' dir='ltr'>accu-</span> 
     </span>
     <span class='ocr_line' id='line_1_85' title="bbox 944 1763 1095 1797; baseline 0.007 -1"><span class='ocrx_word' id='word_1_444' title='bbox 944 1763 1095 1797; x_wconf 65' lang='lat' dir='ltr'>satietas</span> 
     </span>
    </p>

    <p class='ocr_par' dir='ltr' id='par_1_46' title="bbox 899 1808 1257 1853">
     <span class='ocr_line' id='line_1_86' title="bbox 899 1808 1257 1853; baseline -0.003 -10"><span class='ocrx_word' id='word_1_445' title='bbox 899 1811 1083 1853; x_wconf 86' lang='lat' dir='ltr'>potentare</span> <span class='ocrx_word' id='word_1_446' title='bbox 1111 1809 1187 1853; x_wconf 91' lang='lat'>146,</span> <span class='ocrx_word' id='word_1_447' title='bbox 1213 1808 1257 1842; x_wconf 91' lang='lat'>22</span> 
     </span>
    </p>

    <p class='ocr_par' dir='ltr' id='par_1_47' title="bbox 898 1853 1653 1899">
     <span class='ocr_line' id='line_1_87' title="bbox 898 1853 1653 1899; baseline 0.001 -11"><span class='ocrx_word' id='word_1_448' title='bbox 898 1854 1060 1899; x_wconf 87' lang='lat' dir='ltr'>potentia</span> <span class='ocrx_word' id='word_1_449' title='bbox 1091 1858 1149 1897; x_wconf 87' lang='lat'>(=</span> <span class='ocrx_word' id='word_1_450' title='bbox 1169 1855 1354 1899; x_wconf 79' lang='lat' dir='ltr'>potestas)</span> <span class='ocrx_word' id='word_1_451' title='bbox 1385 1853 1521 1899; x_wconf 85' lang='lat' dir='ltr'>fragilis</span> <span class='ocrx_word' id='word_1_452' title='bbox 1554 1854 1608 1895; x_wconf 88' lang='lat'>73,</span> <span class='ocrx_word' id='word_1_453' title='bbox 1637 1855 1653 1888; x_wconf 95' lang='lat'>1</span> 
     </span>
    </p>

    <p class='ocr_par' dir='ltr' id='par_1_48' title="bbox 897 1911 1618 1998">
     <span class='ocr_line' id='line_1_88' title="bbox 897 1911 1618 1998; baseline 0 -18"><span class='ocrx_word' id='word_1_454' title='bbox 897 1911 1096 1998; x_wconf 51' lang='grc' dir='ltr'>ροίῇῖξξὲαὲ</span> <span class='ocrx_word' id='word_1_455' title='bbox 1120 1944 1242 1998; x_wconf 77' lang='lat' dir='ltr'>scribis</span> <span class='ocrx_word' id='word_1_456' title='bbox 1269 1944 1346 1986; x_wconf 83' lang='lat'>152,</span> <span class='ocrx_word' id='word_1_457' title='bbox 1372 1945 1415 1979; x_wconf 91' lang='grc'>27</span> <span class='ocrx_word' id='word_1_458' title='bbox 1441 1945 1490 1988; x_wconf 81' lang='lat' dir='ltr'>cf.</span> <span class='ocrx_word' id='word_1_459' title='bbox 1514 1956 1546 1982; x_wconf 90' lang='lat' dir='ltr'>a.</span> <span class='ocrx_word' id='word_1_460' title='bbox 1573 1946 1618 1980; x_wconf 94' lang='lat' dir='ltr'>ab</span> 
     </span>
    </p>

    <p class='ocr_par' dir='ltr' id='par_1_49' title="bbox 898 1990 1655 2081">
     <span class='ocr_line' id='line_1_89' title="bbox 898 1990 1655 2036; baseline 0.005 -11"><span class='ocrx_word' id='word_1_461' title='bbox 898 1994 1004 2036; x_wconf 80' lang='lat' dir='ltr'>potin</span> <span class='ocrx_word' id='word_1_462' title='bbox 1040 1990 1150 2035; x_wconf 78' lang='lat' dir='ltr'>gladii</span> <span class='ocrx_word' id='word_1_463' title='bbox 1186 1991 1264 2030; x_wconf 86' lang='lat'>257,</span> <span class='ocrx_word' id='word_1_464' title='bbox 1297 1991 1330 2032; x_wconf 89' lang='grc'>6,</span> <span class='ocrx_word' id='word_1_465' title='bbox 1366 2001 1473 2036; x_wconf 87' lang='lat' dir='ltr'>regno</span> <span class='ocrx_word' id='word_1_466' title='bbox 1510 1992 1564 2034; x_wconf 88' lang='lat'>37,</span> <span class='ocrx_word' id='word_1_467' title='bbox 1599 1993 1655 2030; x_wconf 84' lang='lat'>29.</span> 
     </span>
     <span class='ocr_line' id='line_1_90' title="bbox 943 2036 1307 2081; baseline -0.003 -10"><span class='ocrx_word' id='word_1_468' title='bbox 943 2037 1137 2081; x_wconf 89' lang='lat' dir='ltr'>triumphos</span> <span class='ocrx_word' id='word_1_469' title='bbox 1162 2036 1239 2077; x_wconf 88' lang='lat'>297,</span> <span class='ocrx_word' id='word_1_470' title='bbox 1264 2036 1307 2070; x_wconf 92' lang='lat'>27</span> 
     </span>
    </p>

    <p class='ocr_par' dir='ltr' id='par_1_50' title="bbox 899 2082 1658 2127">
     <span class='ocr_line' id='line_1_91' title="bbox 899 2082 1658 2127; baseline 0.005 -11"><span class='ocrx_word' id='word_1_471' title='bbox 899 2093 1098 2127; x_wconf 89' lang='lat' dir='ltr'>praecessor</span> <span class='ocrx_word' id='word_1_472' title='bbox 1133 2083 1187 2124; x_wconf 91' lang='lat'>27,</span> <span class='ocrx_word' id='word_1_473' title='bbox 1220 2082 1251 2116; x_wconf 93' lang='grc'>2.</span> <span class='ocrx_word' id='word_1_474' title='bbox 1288 2082 1367 2123; x_wconf 89' lang='grc'>216,</span> <span class='ocrx_word' id='word_1_475' title='bbox 1401 2082 1455 2116; x_wconf 89' lang='grc'>27.</span> <span class='ocrx_word' id='word_1_476' title='bbox 1492 2083 1569 2127; x_wconf 88' lang='lat'>221,</span> <span class='ocrx_word' id='word_1_477' title='bbox 1606 2084 1658 2120; x_wconf 90' lang='grc'>11.</span> 
     </span>
    </p>

    <p class='ocr_par' dir='ltr' id='par_1_51' title="bbox 901 2173 1657 2264">
     <span class='ocr_line' id='line_1_92' title="bbox 901 2173 1657 2219; baseline 0.001 -11"><span class='ocrx_word' id='word_1_478' title='bbox 901 2174 1049 2219; x_wconf 89' lang='lat' dir='ltr'>praecisi</span> <span class='ocrx_word' id='word_1_479' title='bbox 1086 2175 1145 2219; x_wconf 88' lang='lat'>(=</span> <span class='ocrx_word' id='word_1_480' title='bbox 1180 2174 1296 2216; x_wconf 61' lang='lat' dir='ltr'>eiecti)</span> <span class='ocrx_word' id='word_1_481' title='bbox 1334 2173 1503 2209; x_wconf 88' lang='lat' dir='ltr'>haeretici</span> <span class='ocrx_word' id='word_1_482' title='bbox 1533 2178 1573 2209; x_wconf 90' lang='lat' dir='ltr'>ut</span> <span class='ocrx_word' id='word_1_483' title='bbox 1604 2178 1657 2210; x_wconf 86' lang='lat' dir='ltr'>est</span> 
     </span>
     <span class='ocr_line' id='line_1_93' title="bbox 944 2219 1415 2264; baseline 0 -11"><span class='ocrx_word' id='word_1_484' title='bbox 944 2219 1121 2264; x_wconf 87' lang='lat' dir='ltr'>praecisus</span> <span class='ocrx_word' id='word_1_485' title='bbox 1144 2219 1264 2254; x_wconf 86' lang='lat' dir='ltr'>Arrius</span> <span class='ocrx_word' id='word_1_486' title='bbox 1292 2219 1345 2259; x_wconf 92' lang='lat'>18,</span> <span class='ocrx_word' id='word_1_487' title='bbox 1374 2219 1415 2253; x_wconf 88' lang='lat'>17</span> 
     </span>
    </p>

    <p class='ocr_par' dir='ltr' id='par_1_52' title="bbox 897 2264 1408 2309">
     <span class='ocr_line' id='line_1_94' title="bbox 897 2264 1408 2309; baseline -0.002 -10"><span class='ocrx_word' id='word_1_488' title='bbox 897 2265 1118 2309; x_wconf 89' lang='lat' dir='ltr'>praeconium</span> <span class='ocrx_word' id='word_1_489' title='bbox 1142 2264 1257 2299; x_wconf 86' lang='lat' dir='ltr'>laudis</span> <span class='ocrx_word' id='word_1_490' title='bbox 1282 2266 1360 2304; x_wconf 88' lang='grc'>320,</span> <span class='ocrx_word' id='word_1_491' title='bbox 1388 2265 1408 2298; x_wconf 89' lang='grc'>5</span> 
     </span>
    </p>

    <p class='ocr_par' dir='ltr' id='par_1_53' title="bbox 898 2310 1657 2399">
     <span class='ocr_line' id='line_1_95' title="bbox 898 2310 1657 2355; baseline 0.003 -11"><span class='ocrx_word' id='word_1_492' title='bbox 898 2321 1100 2355; x_wconf 89' lang='lat' dir='ltr'>praecursor</span> <span class='ocrx_word' id='word_1_493' title='bbox 1126 2311 1201 2350; x_wconf 88' lang='lat'>113,</span> <span class='ocrx_word' id='word_1_494' title='bbox 1228 2310 1283 2344; x_wconf 88' lang='grc'>20.</span> <span class='ocrx_word' id='word_1_495' title='bbox 1312 2310 1387 2354; x_wconf 85' lang='lat'>162,</span> <span class='ocrx_word' id='word_1_496' title='bbox 1412 2310 1466 2347; x_wconf 90' lang='lat'>22.</span> <span class='ocrx_word' id='word_1_497' title='bbox 1498 2311 1577 2352; x_wconf 86' lang='grc'>220,</span> <span class='ocrx_word' id='word_1_498' title='bbox 1604 2312 1657 2346; x_wconf 80' lang='grc'>16.</span> 
     </span>
     <span class='ocr_line' id='line_1_96' title="bbox 943 2355 1437 2399; baseline -0.002 -9"><span class='ocrx_word' id='word_1_499' title='bbox 943 2356 1021 2396; x_wconf 91' lang='grc'>232,</span> <span class='ocrx_word' id='word_1_500' title='bbox 1048 2356 1102 2391; x_wconf 90' lang='grc'>22.</span> <span class='ocrx_word' id='word_1_501' title='bbox 1128 2357 1205 2399; x_wconf 90' lang='lat'>256,</span> <span class='ocrx_word' id='word_1_502' title='bbox 1230 2357 1261 2391; x_wconf 91' lang='grc'>8.</span> <span class='ocrx_word' id='word_1_503' title='bbox 1287 2356 1366 2396; x_wconf 89' lang='grc'>322,</span> <span class='ocrx_word' id='word_1_504' title='bbox 1391 2355 1437 2390; x_wconf 89' lang='grc'>24</span> 
     </span>
    </p>

    <p class='ocr_par' dir='ltr' id='par_1_54' title="bbox 897 2401 1658 2446">
     <span class='ocr_line' id='line_1_97' title="bbox 897 2401 1658 2446; baseline 0.001 -11"><span class='ocrx_word' id='word_1_505' title='bbox 897 2401 1142 2446; x_wconf 89' lang='lat' dir='ltr'>praedecessor</span> <span class='ocrx_word' id='word_1_506' title='bbox 1171 2402 1227 2442; x_wconf 80' lang='lat'>44,</span> <span class='ocrx_word' id='word_1_507' title='bbox 1255 2402 1308 2437; x_wconf 90' lang='lat'>15.</span> <span class='ocrx_word' id='word_1_508' title='bbox 1340 2402 1419 2442; x_wconf 91' lang='grc'>254,</span> <span class='ocrx_word' id='word_1_509' title='bbox 1444 2401 1497 2436; x_wconf 89' lang='grc'>27.</span> <span class='ocrx_word' id='word_1_510' title='bbox 1531 2401 1608 2445; x_wconf 81' lang='grc'>326,</span> <span class='ocrx_word' id='word_1_511' title='bbox 1637 2403 1658 2436; x_wconf 88' lang='lat'>9</span> 
     </span>
    </p>

    <p class='ocr_par' dir='ltr' id='par_1_55' title="bbox 897 2446 1656 2533">
     <span class='ocr_line' id='line_1_98' title="bbox 897 2446 1656 2492; baseline 0.003 -11"><span class='ocrx_word' id='word_1_512' title='bbox 897 2446 1154 2491; x_wconf 85' lang='lat' dir='ltr'>praedicatores</span> <span class='ocrx_word' id='word_1_513' title='bbox 1172 2447 1317 2492; x_wconf 84' lang='lat' dir='ltr'>benigni</span> <span class='ocrx_word' id='word_1_514' title='bbox 1333 2447 1409 2481; x_wconf 92' lang='lat' dir='ltr'>uoti</span> <span class='ocrx_word' id='word_1_515' title='bbox 1424 2447 1478 2481; x_wconf 88' lang='lat' dir='ltr'>tui</span> <span class='ocrx_word' id='word_1_516' title='bbox 1503 2447 1581 2489; x_wconf 87' lang='grc'>265,</span> <span class='ocrx_word' id='word_1_517' title='bbox 1603 2448 1656 2490; x_wconf 93' lang='grc'>17,</span> 
     </span>
     <span class='ocr_line' id='line_1_99' title="bbox 945 2493 1280 2533; baseline 0.003 -7"><span class='ocrx_word' id='word_1_518' title='bbox 945 2493 1107 2526; x_wconf 88' lang='lat' dir='ltr'>ueritatis</span> <span class='ocrx_word' id='word_1_519' title='bbox 1136 2493 1212 2533; x_wconf 86' lang='lat'>183,</span> <span class='ocrx_word' id='word_1_520' title='bbox 1238 2493 1280 2527; x_wconf 90' lang='lat'>21</span> 
     </span>
    </p>

    <p class='ocr_par' dir='ltr' id='par_1_56' title="bbox 896 2539 1453 2582">
     <span class='ocr_line' id='line_1_100' title="bbox 896 2539 1453 2582; baseline 0.002 -10"><span class='ocrx_word' id='word_1_521' title='bbox 896 2548 1126 2582; x_wconf 84' lang='lat' dir='ltr'>praegrauare</span> <span class='ocrx_word' id='word_1_522' title='bbox 1150 2539 1206 2576; x_wconf 84' lang='grc'>69,</span> <span class='ocrx_word' id='word_1_523' title='bbox 1236 2540 1286 2573; x_wconf 86' lang='lat'>10.</span> <span class='ocrx_word' id='word_1_524' title='bbox 1311 2539 1390 2579; x_wconf 81' lang='lat'>250,</span> <span class='ocrx_word' id='word_1_525' title='bbox 1408 2539 1453 2573; x_wconf 75' lang='lat'>24</span> 
     </span>
    </p>

    <p class='ocr_par' dir='ltr' id='par_1_57' title="bbox 896 2583 1315 2628">
     <span class='ocr_line' id='line_1_101' title="bbox 896 2583 1315 2628; baseline 0 -10"><span class='ocrx_word' id='word_1_526' title='bbox 896 2583 1142 2628; x_wconf 87' lang='lat' dir='ltr'>praenuntiare</span> <span class='ocrx_word' id='word_1_527' title='bbox 1169 2583 1245 2624; x_wconf 87' lang='lat'>168,</span> <span class='ocrx_word' id='word_1_528' title='bbox 1274 2584 1315 2618; x_wconf 88' lang='lat'>15</span> 
     </span>
    </p>

    <p class='ocr_par' dir='ltr' id='par_1_58' title="bbox 897 2628 1656 2721">
     <span class='ocr_line' id='line_1_102' title="bbox 897 2628 1655 2673; baseline 0.005 -10"><span class='ocrx_word' id='word_1_529' title='bbox 897 2628 1167 2673; x_wconf 87' lang='lat' dir='ltr'>praeostendere</span> <span class='ocrx_word' id='word_1_530' title='bbox 1195 2630 1271 2670; x_wconf 88' lang='grc'>107,</span> <span class='ocrx_word' id='word_1_531' title='bbox 1301 2630 1351 2665; x_wconf 91' lang='lat'>15.</span> <span class='ocrx_word' id='word_1_532' title='bbox 1385 2630 1462 2669; x_wconf 88' lang='grc'>134,</span> <span class='ocrx_word' id='word_1_533' title='bbox 1491 2630 1543 2665; x_wconf 89' lang='lat'>12.</span> <span class='ocrx_word' id='word_1_534' title='bbox 1578 2631 1655 2668; x_wconf 90' lang='lat'>193.</span> 
     </span>
     <span class='ocr_line' id='line_1_103' title="bbox 947 2674 1656 2721; baseline 0.006 -14"><span class='ocrx_word' id='word_1_535' title='bbox 947 2674 998 2708; x_wconf 88' lang='lat'>18.</span> <span class='ocrx_word' id='word_1_536' title='bbox 1027 2674 1102 2715; x_wconf 89' lang='grc'>194,</span> <span class='ocrx_word' id='word_1_537' title='bbox 1121 2675 1152 2710; x_wconf 90' lang='grc'>9.</span> <span class='ocrx_word' id='word_1_538' title='bbox 1178 2675 1256 2715; x_wconf 88' lang='grc'>267,</span> <span class='ocrx_word' id='word_1_539' title='bbox 1275 2675 1330 2711; x_wconf 90' lang='lat'>28.</span> <span class='ocrx_word' id='word_1_540' title='bbox 1347 2675 1425 2716; x_wconf 89' lang='grc'>273,</span> <span class='ocrx_word' id='word_1_541' title='bbox 1446 2676 1499 2711; x_wconf 88' lang='lat'>18.</span> <span class='ocrx_word' id='word_1_542' title='bbox 1516 2675 1595 2721; x_wconf 87' lang='lat'>372,</span> <span class='ocrx_word' id='word_1_543' title='bbox 1616 2678 1656 2712; x_wconf 90' lang='lat'>18</span> 
     </span>
    </p>

    <p class='ocr_par' dir='ltr' id='par_1_59' title="bbox 899 2721 1445 2765">
     <span class='ocr_line' id='line_1_104' title="bbox 899 2721 1445 2765; baseline 0.004 -11"><span class='ocrx_word' id='word_1_544' title='bbox 899 2730 1112 2764; x_wconf 87' lang='lat' dir='ltr'>praeponere</span> <span class='ocrx_word' id='word_1_545' title='bbox 1138 2721 1294 2765; x_wconf 85' lang='lat' dir='ltr'>exempla</span> <span class='ocrx_word' id='word_1_546' title='bbox 1318 2722 1375 2761; x_wconf 87' lang='grc'>33,</span> <span class='ocrx_word' id='word_1_547' title='bbox 1403 2721 1445 2756; x_wconf 89' lang='grc'>12</span> 
     </span>
    </p>

    <p class='ocr_par' dir='ltr' id='par_1_60' title="bbox 901 2766 1487 2810">
     <span class='ocr_line' id='line_1_105' title="bbox 901 2766 1487 2810; baseline 0.005 -11"><span class='ocrx_word' id='word_1_548' title='bbox 901 2766 1127 2810; x_wconf 86' lang='lat' dir='ltr'>praescriptio</span> <span class='ocrx_word' id='word_1_549' title='bbox 1157 2766 1232 2807; x_wconf 89' lang='grc'>199,</span> <span class='ocrx_word' id='word_1_550' title='bbox 1260 2767 1310 2802; x_wconf 92' lang='grc'>11.</span> <span class='ocrx_word' id='word_1_551' title='bbox 1337 2767 1417 2807; x_wconf 83' lang='grc'>244,</span> <span class='ocrx_word' id='word_1_552' title='bbox 1443 2767 1487 2802; x_wconf 88' lang='grc'>22</span> 
     </span>
    </p>

    <p class='ocr_par' dir='ltr' id='par_1_61' title="bbox 901 2812 1658 2898">
     <span class='ocr_line' id='line_1_106' title="bbox 901 2812 1658 2857; baseline 0.005 -12"><span class='ocrx_word' id='word_1_553' title='bbox 901 2822 1120 2856; x_wconf 86' lang='lat' dir='ltr'>praesumere</span> <span class='ocrx_word' id='word_1_554' title='bbox 1131 2812 1189 2854; x_wconf 89' lang='lat'>(=</span> <span class='ocrx_word' id='word_1_555' title='bbox 1203 2813 1369 2857; x_wconf 73' lang='lat' dir='ltr'>opinari)</span> <span class='ocrx_word' id='word_1_556' title='bbox 1385 2813 1440 2857; x_wconf 87' lang='lat'>27,</span> <span class='ocrx_word' id='word_1_557' title='bbox 1458 2814 1511 2849; x_wconf 83' lang='lat'>26.</span> <span class='ocrx_word' id='word_1_558' title='bbox 1533 2815 1586 2855; x_wconf 88' lang='grc'>72,</span> <span class='ocrx_word' id='word_1_559' title='bbox 1603 2815 1658 2850; x_wconf 89' lang='grc'>27.</span> 
     </span>
     <span class='ocr_line' id='line_1_107' title="bbox 948 2857 1249 2898; baseline 0.003 -7"><span class='ocrx_word' id='word_1_560' title='bbox 948 2857 1026 2898; x_wconf 89' lang='grc'>285,</span> <span class='ocrx_word' id='word_1_561' title='bbox 1052 2857 1107 2892; x_wconf 87' lang='lat'>23.</span> <span class='ocrx_word' id='word_1_562' title='bbox 1130 2857 1210 2898; x_wconf 87' lang='grc'>297,</span> <span class='ocrx_word' id='word_1_563' title='bbox 1231 2859 1249 2891; x_wconf 94' lang='grc'>7</span> 
     </span>
    </p>
   </div>
   <div class='ocr_carea' id='block_1_5' title="bbox 1458 2927 1525 2961">
    <p class='ocr_par' dir='ltr' id='par_1_62' title="bbox 1458 2927 1525 2961">
     <span class='ocr_line' id='line_1_108' title="bbox 1458 2927 1525 2961; baseline 0 0"><span class='ocrx_word' id='word_1_564' title='bbox 1458 2927 1525 2961; x_wconf 73' lang='lat'>24*</span> 
     </span>
    </p>
   </div>
  </div>
 </body>
</html>
