1934 3278
299 244 395 273 XIIII

284 369 385 409 quae
416 357 503 411 ipse
535 358 764 400 identidem
796 360 899 402 ineis
933 361 1061 403 oculis
1095 363 1294 416 lustraui,
1347 378 1426 407 uno
1460 366 1670 410 uolumine
1704 382 1799 411 con-

284 426 470 467 tinentur
512 426 621 469 hunc
662 429 705 468 in
750 430 919 471 modum
962 430 1181 484 insignito:
1223 431 1354 475 ‘Libn
1388 435 1492 488 inpr.
1519 449 1552 477 c.
1583 438 1669 478 not.
1703 451 1800 480 mss.

284 493 428 545 Quart.
451 493 530 536 49?
566 496 614 536 In
639 496 713 537 hoc
745 498 970 549 uolumine,
1004 500 1114 552 quod
1147 501 1249 541 olim
1282 502 1363 542 fuit
1394 504 1437 544 in
1469 517 1641 547 numero
1673 506 1797 549 libro-

283 576 374 603 rum
418 564 716 606 Ezechielis
749 566 1056 620 Sparffleim,
1106 568 1296 611 editionis
1339 571 1540 625 principis
1573 573 1724 615 titulus
1759 576 1800 616 et

284 632 486 685 praefatio
520 633 561 673 et
593 632 734 683 index,
784 646 862 687 quo
905 635 1090 688 capitula
1133 637 1457 681 instructionum
1491 646 1799 695 enumerantur,

285 701 452 751 desunt3
501 705 638 743 cetera
690 702 751 743 ita
802 705 898 744 sunt
940 706 1174 758 conposita:
1224 708 1559 750 Praemittuntnr
1603 711 1798 753 editionis

284 769 454 811 alterius
496 769 648 811 titulus
690 772 731 812 et
773 772 1000 825 praefatio,
1053 774 1321 828 subsequitur
1363 777 1557 819 editionis
1600 780 1799 833 principis

283 841 419 879 textus
452 852 545 880 cum
577 835 822 893 appendice3
859 842 1058 884 claudunt
1092 856 1239 898 agmen
1272 845 1453 900 reliquae
1476 847 1670 889 editionis
1694 850 1799 890 alte-

283 907 368 948 rius
391 910 542 961 partes.
589 910 802 951 Accedunt
836 915 975 952 autem
1009 912 1060 953 ad
1092 925 1151 964 ea,
1187 927 1289 967 quae
1322 916 1431 968 typis
1466 918 1563 958 sunt
1595 919 1797 970 inpressa,

284 977 651 1019 commentationes
675 981 714 1019 et
743 979 1031 1021 adnotationes
1065 983 1268 1034 quaedam
1309 985 1350 1025 in
1383 985 1647 1038 conpluribus
1687 986 1799 1028 foliis

284 1045 389 1086 albis
423 1046 698 1099 adglutinatis
731 1049 860 1100 ipsius
892 1048 1067 1103 Rigaltii
1108 1064 1232 1092 manu
1275 1052 1488 1106 eleganter
1530 1056 1798 1107 conscriptae.

283 1113 576 1156 Praemittitur
606 1116 848 1170 inscriptio:
903 1116 1054 1159 ‘Curae
1087 1119 1144 1160 acl
1177 1119 1527 1162 Commodiammc
1557 1122 1800 1173 sccundac';

284 1181 430 1223 deinde
461 1182 561 1224 haec
592 1188 845 1237 sequuntur:

530 1250 796 1294 ⁶Obseruatz'o
830 1254 885 1295 ad
916 1254 1051 1297 Instr.
1086 1255 1160 1297 VI.

972 1338 1047 1366 cnr
1079 1326 1209 1366 (mnis
1240 1326 1429 1369 (lucentis

537 1389 703 1432 Fecistis
735 1392 959 1445 infantes?

397 1458 513 1500 Huic
536 1461 748 1512 poematio
784 1460 1116 1504 Commodianus
1150 1462 1358 1516 impressit
1392 1466 1580 1519 uestiyia'
1608 1468 1682 1510 etc,

284 1539 389 1582 Sunt
420 1541 521 1583 haec
553 1541 708 1596 eadem,
743 1555 846 1595 quae
879 1543 1151 1586 Henricus
1183 1545 1368 1588 Leonh.
1402 1545 1797 1589 Schurzfleisch

283 1625 388 1653 anno
414 1613 523 1654 1709
554 1613 596 1653 in
629 1613 928 1667 supplementis
961 1615 1046 1655 suis
1077 1614 1192 1666 prelo
1215 1616 1448 1658 mandauit⁴
1493 1615 1554 1657 Cf.
1578 1615 1796 1670 Sitzungs-

282 1682 467 1724 berichte
498 1681 635 1724 XCVI
667 1696 705 1736 p.
739 1683 824 1724 466
857 1695 945 1735 sqq.

341 1751 392 1791 In
430 1751 683 1793 bibliotheca
723 1752 923 1794 nationali
954 1751 1165 1800 Parisina,
1212 1755 1259 1793 ut
1303 1765 1426 1806 supra
1468 1753 1665 1805 diximus,
1712 1754 1798 1795 tria

283 1820 557 1862 inueniuntur
600 1822 829 1863 editionum
866 1821 1205 1875 Rigaltianarum
1249 1822 1519 1875 exemplaria,
1564 1823 1643 1864 duo
1684 1825 1797 1876 prin-

285 1889 400 1943 cipis,
434 1903 563 1930 unum
596 1890 765 1931 alterius
799 1889 1005 1932 editionis.
1060 1889 1113 1931 Et
1144 1890 1325 1932 alterum
1363 1891 1554 1933 editionis
1595 1891 1797 1945 principis

284 1958 504 2012 exemplar,
539 1960 645 2011 quod
678 1959 737 2000 sic
768 1959 1016 2013 insignitur:
1044 1957 1301 2001 “Inuentaire
1341 1969 1366 2004 C
1399 1958 1508 2001 1640
1540 1958 1570 2001 C
1600 1960 1683 2002 597
1716 1959 1798 2002 Re-

284 2040 399 2069 serue
424 2028 484 2081 (in
505 2025 603 2082 40)',
636 2030 800 2081 praeter
830 2030 990 2070 textum
1022 2028 1132 2082 typis
1165 2028 1420 2081 exscriptum
1452 2031 1797 2071 commentarium

286 2098 484 2148 continet,
518 2110 639 2151 quem
662 2098 875 2151 Rigaltius
897 2098 940 2139 in
971 2097 1083 2139 foliis
1116 2098 1221 2139 albis
1256 2097 1483 2151 bibliopegi
1515 2111 1637 2151 opera
1668 2098 1797 2139 inter-

283 2167 400 2208 iectis
433 2168 688 2219 conscripsit,
723 2179 818 2208 cum
841 2167 1067 2208 editionem
1090 2167 1268 2208 alteram
1291 2166 1482 2219 parabat.
1516 2167 1606 2209 Iam
1628 2165 1741 2208 Alfr
1755 2181 1796 2207 e-

285 2236 375 2276 dus
407 2235 662 2289 Schoene,
696 2235 767 2287 qui
799 2234 848 2276 de
881 2236 1182 2288 exemplaribus
1205 2234 1421 2286 ParisiniS,
1456 2247 1538 2288 qua
1562 2239 1624 2276 est
1647 2235 1798 2277 eximia

284 2305 554 2359 liberalitate,
596 2305 756 2357 primus
787 2317 853 2345 me
885 2306 1037 2354 docuit,
1075 2308 1170 2347 ante
1201 2305 1273 2346 hos
1305 2306 1395 2346 octo
1428 2317 1555 2347 annos
1590 2305 1797 2358 perspexit

283 2376 485 2428 scriptum
516 2374 637 2415 illum
669 2374 1014 2416 commentarium
1048 2386 1142 2416 cum
1174 2386 1234 2428 eo,
1267 2386 1389 2427 quem
1422 2374 1532 2427 typis
1563 2374 1796 2427 inpressum

286 2445 413 2486 editio
445 2444 576 2486 altera
608 2445 803 2494 continet,
847 2444 931 2486 fere
964 2456 1198 2497 congruere.

342 2514 457 2555 Idem
492 2513 755 2554 confirmauit
786 2514 1050 2555 Antonius
1082 2514 1249 2563 KunZ‚
1293 2512 1381 2566 qui,
1416 2511 1514 2553 dum
1547 2524 1653 2553 anno
1688 2512 1797 2554 1882

284 2583 455 2624 Parisiis
487 2584 693 2632 uersatur,
726 2585 871 2636 rogatu
904 2595 993 2623 meo
1027 2583 1257 2624 accuratius
1288 2594 1378 2623 rem
1410 2580 1642 2635 indagauit.
1686 2581 1797 2633 Quae

284 2652 356 2693 ille
398 2654 486 2692 tum
530 2651 684 2693 litteris
726 2664 889 2693 mecum
932 2651 1111 2705 benigne
1154 2650 1485 2693 communicauit
1522 2650 1562 2691 et
1598 2651 1797 2702 exemplis

285 2720 509 2762 luculentis
541 2721 761 2773 propositis
793 2721 1109 2773 demonstrauit,
1155 2733 1201 2761 ea
1232 2719 1418 2761 breuiter
1449 2720 1640 2761 referam.

343 2788 477 2830 Notae
509 2789 775 2842 Rigaltianae
819 2789 989 2831 editioni
1029 2788 1207 2842 principi
1248 2790 1289 2830 in
1330 2788 1440 2829 foliis
1481 2788 1625 2830 uacuis
1667 2787 1797 2827 inter-

286 2858 403 2900 iectis
442 2858 696 2911 conscriptae
737 2858 1113 2900 commentario
1152 2857 1346 2899 editionis
1388 2857 1558 2899 alterius
1591 2855 1701 2909 typis
1733 2856 1795 2895 in-
