1934 3278
576 229 629 263 De
655 239 724 262 non
751 229 990 264 conueniendo
1016 241 1093 264 cum
1118 230 1314 267 haereticis,
1672 238 1699 279 9

192 355 263 396 ille
303 354 707 408 pseudoprophetes,
756 354 884 396 debes
920 356 1115 409 repetens
1155 358 1273 399 actus
1309 359 1405 401 tuos
1444 372 1697 415 cognoscere

193 423 496 471 amarissimosz
543 423 590 464 ut
627 423 737 464 enim
773 423 846 464 ille
886 436 980 465 cum
1013 424 1163 467 fuisset
1192 426 1566 481 pseudopropheta,
1597 442 1695 483 pro-

190 492 361 546 phetam
393 504 438 533 se
471 504 563 534 esse
592 490 766 533 dicebat
796 491 848 533 ad
880 493 1296 536 circumueniendum
1327 495 1604 547 innocentem,
1636 498 1697 540 ita

190 562 234 602 et
262 561 310 602 tu
350 573 445 602 cum
486 573 567 602 non
605 561 663 603 sis
696 561 971 611 Christianus,
1013 563 1087 604 sed
1119 564 1177 606 sis
1207 563 1422 614 Arrianus,
1459 565 1617 607 finxisti
1654 567 1696 607 te

157 644 173 667 5
193 630 476 672 Christianum
510 628 562 670 ad
590 641 667 671 nos
698 629 965 672 inretiendos.
1029 631 1181 673 deinde
1221 644 1316 673 cum
1344 645 1494 686 pacem
1534 646 1697 688 semper

190 699 385 740 habuerit
415 698 571 740 domini
592 698 776 740 ecclesia
797 699 840 740 et
860 711 936 741 uos
959 699 1084 753 atque
1106 700 1289 741 omnium
1311 701 1520 743 sectarum
1546 703 1695 744 haere-

185 769 297 810 ticos
327 768 438 810 foras
469 767 683 816 abiecerit,
712 767 879 809 dixisti:
913 783 1064 821 pacem
1094 768 1192 810 uolo
1222 770 1395 821 firmari
1425 771 1473 811 in
1502 785 1590 812 meo
1619 771 1695 812 im-

182 838 318 890 perio,
359 836 530 890 cupiens
565 836 726 878 uiolare
766 837 806 878 in
847 837 966 879 nobis
1005 850 1152 891 pacem
1191 837 1456 889 dominicam,
1504 839 1694 881 scindere

191 906 436 948 desiderans
477 905 543 946 dei
581 905 801 959 populum,
841 918 1068 959 procurans
1107 907 1271 949 haeresi
1309 907 1429 956 tuae,
1480 907 1532 949 ad
1571 921 1695 961 quam

138 984 171 1008 10
189 987 262 1016 nos
294 987 438 1016 omnes
470 974 606 1015 facere
639 974 696 1016 sis
737 975 883 1028 optans
913 975 1158 1023 transitum;
1205 975 1263 1017 sic
1303 975 1504 1017 mentitus
1546 988 1590 1017 es
1628 976 1693 1017 dei

186 1044 230 1084 te
253 1043 380 1084 fuisse
402 1042 626 1091 hominem,
650 1042 816 1095 quando
839 1043 943 1083 hanc
965 1055 1112 1096 pacem
1135 1043 1272 1084 facere
1293 1044 1335 1085 te
1357 1043 1506 1085 salutis
1531 1045 1695 1086 nostrae

188 1124 318 1153 causa
349 1110 503 1161 dixisti,
537 1111 744 1164 quomodo
786 1112 826 1152 et
861 1111 935 1153 ille
972 1111 1357 1165 pseudoprophetes
1397 1112 1468 1166 qui
1507 1112 1694 1154 dicebat:

187 1181 278 1223 redi
298 1194 471 1233 mecum,
502 1181 606 1234 quia
637 1183 675 1221 et
699 1194 770 1234 eye
795 1180 1016 1234 prophetes
1046 1194 1140 1222 sum
1171 1181 1347 1231 domini,
1378 1184 1419 1222 et
1446 1181 1560 1222 dixit
1588 1181 1693 1222 mihi

187 1250 374 1304 anyelus.
422 1250 495 1300 sic,
527 1249 712 1303 inquam,
744 1249 946 1290 mentitus
980 1261 1036 1299 os,
1078 1249 1244 1302 quando
1285 1249 1425 1290 dixisti
1464 1262 1544 1302 quo
1574 1249 1694 1302 potu-

135 1331 168 1356 ιε»
186 1319 292 1360 isses
325 1317 404 1359 deo
434 1318 603 1371 plaeere
633 1318 711 1358 hoc
743 1317 786 1357 te
821 1316 1065 1370 adgressum
1099 1317 1250 1367 facere,
1284 1317 1491 1371 siquidem
1519 1318 1567 1358 tu
1607 1318 1694 1358 sin-

187 1388 308 1440 gulos
339 1386 571 1429 catholicos
603 1386 821 1440 episcopos
844 1386 1123 1428 communioni
1144 1386 1317 1440 iungere
1340 1386 1469 1427 fueris
1498 1386 1694 1428 laborans

188 1457 466 1499 Arrianorum.

244 1526 342 1566 ΙΠῘ.
377 1524 596 1577 Quomodo
611 1524 753 1565 tecum
771 1536 819 1565 ac
842 1536 937 1565 cum
957 1523 1043 1565 tuis
1062 1523 1293 1565 coarrianis
1314 1524 1450 1577 potuit
1471 1523 1693 1565 conuenire

187 1593 464 1643 Christianis,
512 1592 678 1646 quando
720 1592 772 1633 ad
807 1592 1007 1645 Iosaphat
1044 1604 1186 1645 regem
1228 1592 1352 1633 deum
1389 1592 1492 1633 haec
1540 1591 1692 1633 dixisse

136 1672 169 1696 20
188 1675 348 1716 cernas,
381 1674 456 1704 cur
486 1662 632 1703 Achab
662 1661 928 1703 idololatrem
968 1661 1008 1702 in
1042 1661 1249 1701 amicitias
1282 1660 1503 1713 acceperit,
1536 1673 1609 1701 cur
1642 1661 1693 1702 ad

187 1731 343 1772 bellum
375 1743 471 1771 cum
505 1729 659 1771 domini
691 1729 943 1782 processerit
971 1729 1167 1770 inimico?
1224 1729 1499 1782 posteaquam
1540 1728 1692 1770 etenim

185 1799 259 1841 ille
291 1799 436 1841 Achab
472 1799 786 1853 consacrilegus
822 1799 922 1839 tuus
961 1798 1191 1839 secundum
1234 1798 1407 1838 uerbum
1448 1797 1514 1838 dei
1548 1796 1697 1838 fuisset

188 1868 226 1908 in
258 1868 370 1909 bello
401 1867 518 1908 letali
550 1879 774 1921 percussus
804 1867 930 1920 plaga
960 1867 1003 1907 et
1024 1867 1234 1919 Iosaphat.
1267 1865 1365 1918 quia
1388 1877 1435 1906 ex
1455 1865 1545 1906 toto
1568 1865 1693 1906 corde

190 1936 242 1977 ad
274 1936 399 1977 deum
440 1936 791 1989 proclamauerat,
833 1935 982 1976 fuisset
1021 1934 1160 1975 domui
1202 1947 1301 1976 suae
1339 1934 1692 1987 repraesentatus,

136 2005 371 2058 aloquitur
403 2005 610 2058 scriptura
640 2004 788 2045 sancta
827 2003 961 2044 exisse
1001 2003 1094 2044 ante
1134 2003 1285 2043 faciem
1327 2003 1417 2044 eius
1455 2003 1528 2044 Ieu
1558 2001 1692 2042 filium

189 2073 336 2122 Anani,
372 2073 446 2126 -qni
488 2072 615 2114 fuerit
654 2072 816 2121 uidens,
858 2072 983 2125 atque
1023 2071 1177 2113 dixisse
1206 2071 1332 2113 talia:
1374 2072 1411 2113 si
1436 2076 1693 2124 peecatorem

188 2142 310 2183 illum
340 2143 517 2184 adiuuis
547 2145 587 2184 et
615 2156 757 2184 eoram
788 2144 861 2195 qui
892 2141 1070 2183 oderunt
1100 2141 1319 2182 dominum
1349 2140 1511 2181 amicus
1545 2152 1597 2190 cs,
1643 2139 1693 2180 in

188 2211 263 2253 hoc
291 2224 419 2264 super
448 2214 485 2252 te
513 2211 607 2252 irae
638 2224 666 2251 α
695 2210 806 2263 facie
835 2210 1009 2261 domini,
1048 2209 1119 2251 scd
1154 2221 1365 2250 sermones
1394 2207 1492 2249 boni
1523 2207 1692 2248 inuenti

187 2283 285 2321 sunt
315 2283 461 2333 tecum,
493 2280 697 2332 quoniam
728 2277 939 2320 abstulisti
970 2278 1086 2319 lucos
1114 2278 1163 2318 de
1192 2280 1308 2318 terra
1347 2279 1384 2317 et
1421 2275 1591 2328 parasti
1622 2287 1692 2315 cor

134 2355 169 2380 ⁸0
189 2352 307 2389 suum
339 2349 394 2390 ad
423 2348 724 2400 requirendum
754 2348 986 2388 dominum.
1049 2346 1083 2387 si
1114 2345 1176 2386 illi
1208 2346 1310 2387 haec
1344 2343 1551 2390 dicuntur,
1584 2354 1691 2395 quae

189 2417 306 2458 nobis
339 2417 588 2460 dicerentur.
623 2415 656 2457 si
688 2416 828 2456 tecum
852 2428 947 2456 cum
971 2414 1182 2455 haeretico
1207 2413 1271 2454 dei
1297 2411 1535 2453 aduersario
1568 2410 1690 2451 amici

327 2552 368 2587 13
393 2552 443 2587 111
469 2553 553 2596 Reg.
583 2551 635 2591 13,
667 2551 708 2586 18
802 2551 845 2584 26
870 2550 901 2584 11
928 2549 1005 2585 Par.
1035 2550 1087 2590 19,
1114 2549 1145 2583 2.
1171 2552 1190 2580 3

254 2666 275 2700 3
300 2665 579 2701 circueniendum
719 2665 739 2698 6
766 2663 929 2698 ecclesia,
1074 2663 1095 2695 9
1121 2663 1263 2706 atquam
1408 2660 1448 2694 10
1473 2659 1599 2693 obtans

191 2725 231 2759 12
255 2724 566 2769 pseudoprophetis
674 2723 716 2756 13
740 2721 918 2766 prophetis
1027 2719 1068 2752 14
1093 2730 1130 2753 es
1154 2729 1200 2752 erc
1225 2719 1280 2752 cst
1304 2728 1397 2751 corr.
1496 2717 1536 2749 19
1561 2715 1618 2749 dm
1651 2715 1690 2755 V,

188 2782 364 2816 dominum
387 2793 409 2815 v
516 2780 661 2814 dixisses
778 2779 822 2812 ‘20
848 2776 934 2811 acab
1051 2775 1235 2810 idolatrem
1269 2775 1307 2811 V,
1334 2773 1555 2807 idololatram
1580 2784 1600 2806 v

187 2840 230 2873 ‘26
257 2839 386 2872 annani
479 2838 522 2871 27
549 2837 693 2871 adiuuas
722 2848 738 2870 ι’
831 2836 875 2869 29
902 2833 1071 2868 abstilisti
1165 2833 1205 2866 31
1234 2842 1310 2865 cum
1335 2842 1400 2864 om.
1428 2841 1447 2864 ϊ
