1934 3278
547 246 601 280 De
628 247 750 280 sancto
775 245 971 280 Athanasio
997 245 1086 281 liber
1108 245 1135 281 Ι.
1517 248 1598 290 129

91 373 167 412 aut
195 371 234 412 si
254 371 454 424 suscipiet
475 371 673 414 dominus
696 372 745 413 in
765 372 908 414 millia
929 372 1113 414 arietum
1134 375 1210 414 aut
1229 372 1279 414 in
1299 372 1436 415 decem
1457 372 1598 415 millia

89 438 320 481 haedorum
341 439 612 493 pinyuium?
650 442 726 481 aut
755 440 861 482 dabo
884 441 1178 494 primoyenita
1213 453 1306 482 mea
1345 441 1594 494 impietatis,

86 509 274 561 fructum
302 508 467 550 uentris
486 508 567 549 mei
578 521 663 561 pro
674 509 863 561 peccatis
885 510 1056 550 animae
1075 511 1226 551 meae?
1255 510 1596 552 renuntiandum

88 576 165 618 tibi
195 579 265 630 est,
299 575 431 625 homo,
464 576 575 629 quod
604 576 660 618 sit
689 576 857 618 bonum.
899 580 973 618 aut
1012 577 1115 630 quid
1144 577 1339 619 dominus
1370 578 1600 631 exquisiuit

56 661 73 686 5
90 659 118 686 a
159 647 195 686 te
233 644 356 686 aliud
400 645 489 686 nisi
527 647 575 686 ut
611 645 752 698 facias
788 645 998 687 iudicium
1037 649 1075 688 et
1116 646 1327 687 iustitiam
1365 649 1403 687 et
1440 646 1602 701 diliqas

92 713 426 755 misericordiam
463 715 501 754 et
523 716 712 766 paratus
743 713 802 755 sis
832 714 898 755 ire
927 725 1022 755 cum
1052 714 1225 756 domino
1256 714 1328 756 deo
1361 715 1463 756 tuo?
1522 727 1598 757 nec

93 782 201 836 apud
240 782 475 823 Ambacum
519 781 740 823 inueneras
787 781 1011 834 scriptum:
1061 783 1222 835 impius
1256 796 1332 836 per
1363 784 1600 836 potentiam

90 851 296 906 oppressit
334 851 518 899 iustum,
564 850 612 891 ut
649 849 710 890 ita
749 849 1002 891 sceleratum
1032 849 1184 893 fuisses
1226 851 1451 905 adgressus
1483 864 1600 906 opus.

91 920 201 975 quod
239 919 281 960 te
323 918 432 973 apud
472 917 596 959 deum
634 918 779 971 posset
808 918 946 960 facere
984 919 1190 972 impium?
1250 920 1351 962 item
1382 919 1489 962 infra
1519 933 1599 962 non

42 1005 74 1030 ιο
91 990 313 1031 inueneras
343 987 545 1041 positum:
579 1001 655 1029 cur
684 987 867 1040 inspicis
896 1000 1025 1040 super
1060 990 1390 1042 contemptores?
1449 989 1603 1032 tacebis

91 1059 137 1100 ob
167 1056 253 1109 hoc,
286 1057 394 1110 quod
423 1056 590 1098 deuoret
618 1056 780 1109 impius
808 1056 1005 1098 iustum?

149 1126 342 1168 XXXVI.
391 1125 445 1166 Et
483 1124 642 1166 idcirco
681 1137 755 1166 nos
795 1124 989 1167 uidentes
1030 1126 1128 1179 quia
1163 1126 1210 1167 tu
1249 1126 1402 1179 impius
1445 1126 1603 1168 iustum

94 1194 295 1237 deuorare
333 1194 621 1247 temptaueras
658 1193 809 1242 uirum,
850 1205 930 1235 non
964 1194 1100 1235 solum
1131 1206 1211 1236 non
1249 1194 1460 1236 tacuimus
1491 1194 1602 1236 male

91 1265 133 1306 te
167 1275 304 1317 agere,
339 1262 413 1303 sed
444 1274 519 1303 nec
542 1261 791 1303 tacebimus.
826 1274 906 1303 non
931 1262 1041 1303 enim
1066 1262 1172 1303 alius
1196 1275 1240 1304 es
1265 1263 1315 1304 ab
1339 1275 1400 1313 eo,
1432 1263 1602 1316 propter

43 1349 76 1374 ιε
93 1345 215 1386 quem
249 1331 421 1372 dicitur:
446 1330 628 1383 placens
659 1333 696 1371 et
726 1333 994 1383 contemptor,
1026 1331 1099 1372 uir
1131 1332 1334 1384 superbus
1365 1331 1477 1372 nihil
1501 1344 1602 1384 pro-

91 1402 213 1455 ficiet,
253 1400 326 1453 qui
367 1399 575 1441 dilata-uit
614 1398 722 1439 sicut
753 1399 920 1451 inferus
950 1399 1159 1441 animam.
1222 1412 1302 1441 non
1332 1399 1488 1453 poterit
1521 1400 1603 1441 dici

93 1468 204 1523 quod
235 1481 313 1510 non
346 1466 570 1510 conueniat
611 1465 694 1507 dici
727 1466 779 1508 de
808 1466 866 1517 te,
908 1466 943 1509 si
977 1466 1162 1521 digneris
1192 1480 1360 1509 mecum
1390 1468 1603 1509 recordari

94 1539 255 1580 scelera
285 1536 517 1578 facinorum
547 1536 716 1577 tuorum
756 1535 798 1577 et
839 1535 874 1577 si
905 1535 1052 1578 funera
1082 1537 1157 1578 tua
1186 1549 1266 1578 non
1298 1536 1426 1577 fueris
1456 1536 1606 1578 tardus

91 1617 324 1649 recensere.
358 1604 451 1658 quis
482 1604 637 1646 etenim
670 1604 778 1645 alius
808 1604 962 1647 nostris
994 1604 1142 1646 diebus
1174 1605 1253 1646 sibi
1283 1605 1468 1658 placens,
1502 1616 1605 1646 con-

43 1691 76 1717 so
92 1676 287 1730 temptor,
311 1675 528 1728 superbus,
560 1673 663 1714 nihil
685 1672 921 1726 proficiens,
956 1674 1026 1727 qui
1050 1673 1294 1715 dilatauerit
1317 1673 1429 1714 sicut
1449 1672 1606 1714 inferus

97 1746 277 1786 animam
309 1755 429 1785 suam
462 1743 505 1784 et
527 1741 597 1795 qui
623 1741 837 1783 aestimari
859 1742 992 1795 possit
1014 1754 1106 1784 esse
1138 1742 1186 1783 ut
1205 1754 1319 1783 mors
1340 1741 1605 1787 insatiabilis,

95 1811 271 1866 reperiri
301 1811 442 1865 potest
472 1809 552 1851 nisi
582 1809 659 1851 tu?
710 1809 785 1851 sed
817 1810 1011 1863 conspice
1042 1809 1146 1851 nihil
1174 1810 1217 1852 te
1248 1822 1371 1863 posse
1402 1809 1605 1863 proficere

97 1880 179 1922 dici
210 1879 286 1921 tibi
321 1892 344 1920 a
377 1879 467 1921 deo.
518 1878 622 1920 licet
654 1878 764 1920 enim
795 1878 1058 1932 contemptor
1090 1878 1158 1920 dei
1181 1879 1501 1933 praeceptorum
1535 1879 1605 1922 sis.

98 1950 186 1991 eius
222 1949 326 1990 licet
363 1947 610 2002 religionem
649 1948 820 2001 cupiens
858 1948 1052 2001 persequi
1092 1961 1141 1990 eo
1179 1959 1313 2001 usque
1362 1946 1609 1989 dilataueris

47 2018 280 2061 asanimam
310 2016 429 2058 tuam
470 2016 522 2057 ad
556 2016 623 2058 dei
654 2016 902 2059 mactandos
939 2017 1135 2065 cultores,
1182 2017 1230 2058 ut
1267 2016 1356 2058 toto
1398 2016 1439 2057 in
1480 2028 1608 2070 regno

98 2099 177 2128 non
220 2085 404 2139 digneris
444 2083 634 2126 desinere
673 2097 845 2139 gregem
885 2085 1076 2127 uexando
1118 2085 1286 2135 domini,
1325 2085 1466 2126 tamen
1507 2084 1609 2126 nihil

97 2154 261 2208 proficit
292 2153 425 2195 omnis
455 2153 668 2194 infestatio
701 2154 788 2194 tua.
850 2153 990 2194 cuncti
1024 2153 1180 2195 etenim
1212 2164 1315 2206 quos
1346 2153 1610 2206 persequeris

101 2223 167 2264 dei
200 2234 364 2275 semper
407 2222 449 2262 et
487 2222 583 2262 sunt
623 2221 665 2262 et
706 2221 827 2262 erunt
867 2221 989 2262 serui.
1050 2222 1097 2261 tu
1129 2233 1243 2271 uero,
1283 2221 1362 2262 nisi
1402 2221 1479 2262 tibi
1510 2233 1608 2274 pro-

99 2290 268 2339 uideris,
301 2290 343 2331 in
376 2290 591 2330 aeternum
625 2288 706 2330 eris
736 2288 960 2342 periturus,
997 2287 1076 2329 tibi
1108 2288 1293 2341 placens,
1333 2289 1609 2341 contemptor.

50 2359 326 2413 gosuperbus,
375 2358 444 2412 qui
492 2358 549 2399 sis
589 2357 770 2399 dilatans
814 2357 995 2398 animam
1041 2357 1159 2398 tuam
1197 2357 1414 2410 tamquam
1454 2356 1611 2398 inferus

104 2427 156 2469 ad
195 2440 268 2469 nos
308 2425 570 2468 deuorandos
610 2425 765 2478 pariter
806 2426 847 2466 et
887 2425 1190 2474 absorbendos,
1237 2425 1457 2478 propterea
1498 2425 1609 2477 quod

240 2598 259 2631 7
284 2596 375 2631 Hab.
403 2598 434 2636 1,
459 2597 481 2631 4
576 2596 618 2630 10
643 2595 688 2631 ib.
718 2596 749 2635 1,
778 2595 818 2630 13
914 2595 956 2629 15
980 2594 1027 2629 ib.
1051 2594 1085 2635 2,
1111 2595 1132 2628 5

745 2719 757 2737 h

173 2748 193 2781 5
220 2746 306 2781 aliut
333 2756 375 2780 m.
401 2747 421 2778 1
541 2743 560 2775 7
587 2742 769 2799 ambacum
796 2747 905 2786 (corr.
932 2753 976 2776 m.
1001 2743 1087 2785 rec.)
1208 2741 1251 2776 13
1275 2743 1389 2777 uirum
1413 2742 1611 2784 Latinius,

105 2815 222 2839 uerum
252 2803 302 2837 Vv
435 2800 477 2834 15
503 2801 699 2833 contemtor
724 2810 766 2833 m.
793 2802 813 2832 1
955 2798 998 2832 16
1023 2797 1197 2832 delatauit
1220 2809 1266 2834 m.
1291 2803 1310 2834 1
1444 2799 1520 2834 dice

106 2863 146 2897 21
175 2861 255 2905 quia
279 2857 433 2893 estimari
464 2857 504 2900 V,
530 2856 586 2900 qui
613 2856 790 2890 aestimari
816 2867 836 2890 v
929 2854 974 2889 30
1000 2855 1056 2900 qui
1081 2855 1230 2900 scripsi,
1258 2856 1337 2900 quia
1368 2857 1419 2891 Vz-
1512 2856 1560 2890 sit

175 2927 283 2962 XIIII.
1454 2925 1474 2958 9
