1934 3278
267 162 323 204 64
919 160 1117 195 Luciferi

267 290 506 329 reuertatur
536 290 575 328 et
603 288 739 329 uiuat.
801 287 884 329 noli
922 287 1007 327 iam
1048 287 1199 328 sentire
1242 286 1366 340 quod,
1407 298 1503 328 cum
1534 287 1647 328 mala
1680 287 1762 329 sint

267 369 392 409 opera
420 356 506 406 tua,
553 356 601 397 ut
640 356 745 398 bene
786 356 829 397 te
862 368 986 410 agere
1027 355 1252 407 existimes,
1300 368 1373 397 cur
1404 368 1483 397 non
1518 356 1660 397 statim
1692 368 1764 409 pro

266 425 390 466 factis
419 437 574 478 poenas
604 424 812 478 receperis
842 424 940 475 tuis,
982 424 1057 466 sed
1087 424 1281 478 conspice
1314 425 1514 478 scriptum
1555 424 1767 466 dominum

267 493 496 547 patientem
530 506 620 535 esse
661 493 708 534 ut
736 493 1003 547 paenitearis.
1065 507 1116 534 ne
1153 494 1337 536 dixeris:
1368 494 1559 547 peccaui,
1599 493 1767 547 etquid

270 563 423 605 accidit
453 562 561 603 mihi
583 562 734 604 triste?
765 565 822 603 est
843 563 956 604 enim
979 561 1211 603 altissimus
1225 564 1399 615 patiens
1420 562 1619 604 redditor.
1667 561 1765 603 audi
1805 571 1820 597 ⁵

269 631 396 673 etiam
416 631 594 672 Paulum
615 631 786 673 beatum
807 630 1057 672 inuitantem
1081 632 1123 672 te
1147 631 1200 672 ad
1224 631 1361 681 deum,
1395 632 1507 672 circa
1526 632 1569 673 te
1590 631 1765 684 placan-

269 700 367 741 dum
401 699 655 753 aperientem
693 699 783 750 tibi,
826 700 936 752 quod
976 700 1084 741 enim
1122 700 1279 741 idcirco
1320 700 1374 741 sit
1411 700 1573 754 patiens
1617 701 1658 741 et
1689 713 1767 741 non

265 769 362 810 ilico
395 769 477 810 sint
508 768 825 821 repraesentata
854 768 1006 810 merita
1037 781 1208 822 operum
1238 769 1418 820 tuorum,
1461 770 1559 822 quia
1590 769 1693 810 uelit
1723 769 1765 809 te

265 837 437 878 tandem
470 850 493 877 a
523 836 647 878 malis
681 848 894 890 emergere
924 849 997 890 per
1027 837 1341 890 paenitentiam,
1373 850 1448 891 per
1469 851 1614 879 ueram
1637 837 1764 879 satis-

268 906 503 948 factionem.
565 906 774 958 numqnid
803 907 1103 947 sustinentiam
1124 906 1324 948 bonitatis
1346 907 1435 948 eius
1456 910 1493 948 et
1511 907 1768 958 patientiam
1788 920 1821 945 ιο

269 976 512 1028 contemnis,
545 975 750 1029 iynorans
781 975 983 1028 quoniam
1013 975 1177 1017 bonitas
1209 975 1274 1016 dei
1306 976 1362 1017 ad
1387 975 1699 1027 paenitentiam
1731 978 1767 1016 te

267 1045 471 1087 adducit?
501 1047 548 1085 tn
570 1048 709 1085 antem
730 1044 958 1086 secandam
979 1044 1188 1085 duritiam
1211 1047 1327 1086 tuam
1349 1047 1388 1085 et
1407 1058 1477 1086 cor
1497 1045 1767 1097 inpaenitens

267 1113 530 1155 thesaurizas
561 1113 636 1155 tibi
666 1114 780 1155 iram
810 1114 858 1155 in
889 1114 957 1155 die
987 1114 1078 1154 irae
1108 1117 1144 1154 et
1174 1112 1446 1155 reaelationis
1477 1113 1582 1154 insti
1613 1113 1768 1154 iudicii

265 1183 345 1233 dei,
378 1183 451 1235 qni
480 1183 624 1225 reddet
652 1184 881 1235 unicnique
912 1183 1139 1224 secandam
1171 1196 1341 1234 operam
1373 1183 1472 1225 einS.
1512 1182 1616 1231 redi,
1652 1182 1763 1224 Con-

266 1252 407 1302 stanti,
442 1251 493 1293 ad
527 1251 663 1303 deum,
705 1252 850 1293 contra
887 1251 1038 1292 interni
1075 1251 1137 1291 tui
1176 1251 1308 1292 hostis
1349 1251 1616 1293 latrocinium
1649 1264 1766 1292 sume
1788 1266 1820 1292 15

265 1321 547 1375 paenitentiae
581 1333 708 1371 arma,
741 1320 838 1373 fuge
872 1320 1148 1370 adulatorum,
1183 1321 1252 1373 qui
1283 1320 1359 1361 tibi
1392 1333 1469 1362 non
1492 1320 1647 1362 fuerint
1670 1320 1765 1373 dig-

266 1391 353 1432 nati
385 1403 490 1444 quae
521 1390 609 1446 <in>
637 1403 679 1431 se
701 1390 857 1432 habent
878 1389 1029 1439 dicere,
1052 1390 1328 1443 perniciosam
1350 1389 1533 1441 laudem,
1556 1391 1766 1431 memento

267 1472 335 1501 ore
367 1459 504 1501 Isaiae
528 1459 681 1500 dixisse
706 1459 938 1500 dominum:
971 1459 1044 1511 qm·
1074 1472 1149 1500 nos
1168 1459 1309 1512 felices
1340 1459 1485 1500 dicant
1517 1460 1565 1500 in
1586 1473 1768 1501 errorem

265 1541 340 1570 nos
370 1529 547 1570 mittunt
575 1531 614 1569 et
642 1529 836 1569 semitam
859 1528 1018 1579 pedum
1048 1529 1283 1568 uestrorum
1321 1528 1508 1569 turbant.
1569 1527 1693 1569 crede
1725 1528 1764 1568 in

264 1597 434 1638 unicum
467 1596 534 1637 dei
564 1596 711 1645 filium,
761 1596 903 1648 accipe
942 1595 1110 1636 ueniam
1148 1596 1316 1637 tuorum
1357 1596 1576 1647 scelerum,
1622 1597 1764 1650 repete
1786 1610 1820 1634 20

267 1665 406 1707 dicere
437 1665 830 1718 psalmographum:
878 1665 997 1717 apud
1034 1664 1195 1717 inferos
1236 1666 1330 1718 quis
1362 1666 1625 1718 confitebitur
1656 1666 1764 1707 tibi?

267 1735 308 1775 et
328 1734 501 1775 iterum:
534 1734 743 1786 numquid
765 1734 1079 1788 exomologesim
1099 1734 1226 1786 faciet
1249 1734 1323 1775 tibi
1337 1734 1523 1786 puluis?
1553 1735 1765 1775 reuertere

266 1803 320 1844 ad
343 1802 480 1852 deum,
503 1802 741 1856 ingemesco
762 1814 835 1854 pro
859 1802 1100 1843 criminibus
1120 1802 1218 1853 tuis,
1240 1815 1314 1855 per
1328 1802 1587 1844 Hieremiam
1612 1802 1766 1844 domini

267 1871 444 1913 dicentis
479 1871 576 1912 audi
606 1883 776 1912 uocem:
823 1872 1032 1923 namquid
1071 1872 1144 1924 qai
1183 1872 1301 1913 cadit
1329 1886 1415 1913 non
1453 1874 1648 1925 resumet,
1692 1875 1766 1912 ant

264 1941 338 1994 qni
376 1941 588 1982 auertitur
618 1953 702 1981 non
733 1941 1024 1982 conuertetnr?
1069 1939 1261 1981 cecidisti
1295 1940 1361 1981 die
1394 1953 1477 1993 qua
1507 1941 1671 1994 negasti
1698 1940 1763 1982 dei
1787 1951 1820 1976 2⁵

263 2009 418 2058 filium3
463 2021 658 2063 resurges
704 2009 806 2050 hora
852 2021 934 2062 qua
978 2008 1105 2049 fueris
1145 2008 1372 2051 confessus.
1422 2009 1520 2062 quia
1557 2010 1599 2050 te
1638 2010 1765 2063 plaga

262 2078 429 2120 hostilis
460 2078 627 2128 insedit,
659 2078 779 2119 trade
809 2078 851 2118 te
874 2077 1106 2119 curandum
1127 2077 1376 2129 medicinae,
1402 2079 1491 2131 ipse
1512 2078 1590 2120 tibi
1613 2078 1762 2120 adhibe

263 2147 503 2189 medellam.
564 2147 796 2189 uulnerasti
826 2147 959 2188 temet
990 2147 1153 2189 dicens:
1186 2161 1270 2189 non
1301 2151 1361 2189 est
1389 2161 1516 2189 uerus
1546 2148 1613 2190 dei
1631 2149 1762 2201 filias,

263 2216 416 2258 iterum
446 2217 579 2258 temet
602 2218 835 2267 sanaturus,
870 2217 904 2258 si
938 2217 1054 2258 dicas
1084 2217 1132 2257 ut
1162 2228 1235 2258 nos
1267 2216 1447 2258 dicimus
1479 2218 1520 2257 et
1551 2216 1763 2258 credimus

267 2298 358 2328 esse
388 2285 508 2326 illum
539 2298 687 2327 uerum
721 2286 787 2327 dei
818 2285 964 2326 filium.
998 2287 1275 2334 reuertimini,
1311 2285 1413 2327 dicit
1444 2286 1573 2337 Iohel,
1607 2287 1663 2327 ad
1693 2287 1763 2327 clo·
1784 2293 1817 2318 ³⁰

399 2422 421 2454 4
444 2421 550 2456 Eccli.
568 2422 590 2454 4
684 2421 726 2455 10
751 2421 849 2456 Rom.
867 2422 900 2462 2,
925 2422 1015 2456 4—6
1110 2422 1153 2456 18
1177 2422 1235 2456 Ε3.
1254 2422 1286 2463 3,
1315 2422 1358 2456 12
1451 2422 1492 2456 21
1512 2422 1567 2456 Ps.
1595 2423 1627 2461 6,
1653 2423 1673 2456 6

265 2478 310 2511 22
334 2478 392 2512 Ρ3.
418 2478 472 2521 29,
500 2478 543 2512 10
638 2478 682 2512 24
706 2478 800 2513 Hier.
827 2478 859 2519 8,
886 2479 908 2511 4
1001 2478 1045 2512 30
1069 2478 1143 2513 Ioel
1168 2479 1200 2519 2,
1227 2479 1279 2513 12,
1307 2478 1349 2512 13

334 2605 349 2637 1
378 2604 464 2647 cum]
485 2605 575 2638 enirn
593 2605 682 2647 fort.
703 2606 769 2648 (an
787 2604 878 2648 quod
895 2603 1107 2647 abundat&
1203 2603 1223 2636 3
1241 2603 1426 2647 recteperis
1522 2605 1637 2648 aspice
1657 2616 1673 2638 1·

262 2661 285 2694 4
308 2661 526 2705 paenetearis
552 2673 595 2695 m.
624 2664 642 2694 1
783 2661 803 2695 8
834 2661 914 2695 ilico
944 2661 1014 2705 (pr.
1042 2661 1054 2694 i
1078 2661 1119 2694 in
1150 2664 1241 2700 ras.)
1383 2660 1425 2693 10
1448 2661 1660 2704 pacientiam
1686 2672 1763 2696 con-

263 2717 415 2762 tempnis
516 2717 558 2751 15
582 2718 742 2752 internae
845 2717 886 2750 17
911 2717 948 2751 in
974 2717 1111 2751 addidi
1207 2716 1433 2760 pernitiosam
1528 2717 1569 2751 18
1595 2728 1674 2751 orae

263 2775 304 2810 21
332 2774 604 2820 psalmografum
698 2774 741 2808 22
767 2774 1083 2818 exhomolongesim
