1934 3278
599 208 834 243 uerborum
859 212 900 244 et

169 331 234 365 deo
261 356 291 364 ..
314 331 390 366 dari
415 330 649 376 quadruplum
676 331 714 366 11
739 332 794 375 30,
822 333 876 367 17.

171 376 395 420 praedictum
428 377 546 411 suerat
571 377 645 411 illis
670 402 702 410 ..
732 377 874 422 perdere

170 425 303 456 terram
341 423 383 457 A.
415 422 483 457 245
515 432 567 467 sq.
604 422 645 457 de
680 422 768 468 ipsis
799 434 876 468 pro-

170 468 345 503 nuntiant
381 467 524 511 perdere
559 471 690 503 terram
723 469 766 502 A.
797 469 876 504 393.

170 513 394 557 praedictum
418 513 483 548 hoc
507 514 626 549 fuerat
641 514 718 548 fieri
736 515 780 548 A.
795 515 876 550 423.

168 559 372 639 Rraefflgtus
386 561 441 639 estt
453 559 875 649 D9⁰⁸(.?‘{ar.¹¹⁸lit⁰¹'.¹¹.⁸⁸⁰i

202 631 210 639 .
319 630 326 638 .
366 615 414 639 nu
437 616 498 639 r1r1
627 616 663 639 1n
704 616 876 641 occisione

193 650 340 685 raedicti
355 651 393 685 II
411 651 465 691 25,
484 651 538 685 11.
559 650 651 685 hunc
668 653 847 687 sanctum.
863 678 871 686 .

201 696 298 730 aniel
330 696 504 741 perungui
538 696 705 741 designat
729 698 771 732 A.
798 697 876 732 267.

122 744 400 786 praesentaneus
425 742 441 776 1
466 744 500 784 8,
529 743 547 776 1

122 798 286 832 praesepe
298 791 338 831 (P)
350 802 396 817 =
408 798 543 828 mensa,
558 798 664 823 cena:
678 788 876 833 decrepitus

168 833 251 868 luxu
278 834 454 877 praesepis
479 834 497 868 I
523 834 577 875 24,
603 833 624 868 2

121 881 330 923 praesertim
357 894 402 909 =
419 879 591 920 disertim,
616 880 810 923 manifesto
830 881 873 924 (‘?)

167 925 184 959 I
209 925 241 964 6,
270 926 323 959 11.
347 925 402 964 41,
431 925 484 959 17.
509 926 552 960 Α.
576 925 642 960 647

122 975 321 1015 praestare:
355 981 464 1005 unum
499 973 640 1015 praesta
671 970 740 1005 tibi
765 985 811 1001 =
834 972 875 1006 in

169 1026 211 1050 ea
236 1027 316 1051 una
339 1027 379 1051 re
405 1016 471 1051 tibi
494 1017 639 1051 consule
662 1017 701 1052 II
727 1017 782 1058 31,
806 1018 828 1052 3

119 1072 344 1106 praesumere
363 1077 405 1092 =
423 1066 607 1107 tamquam
627 1063 873 1107 praecipuum

166 1108 234 1142 sibi
258 1107 468 1142 uindicare:
494 1108 587 1151 quod
613 1107 744 1154 libe(t)
771 1108 873 1143 licere

165 1157 399 1197 praesumunt
424 1154 462 1188 II
490 1154 543 1193 16,
562 1154 618 1188 21.
643 1164 704 1198 per
721 1154 872 1198 gradum

166 1202 201 1233 et
225 1199 323 1233 lucra
346 1198 475 1233 auidus
492 1199 658 1234 fortunae
675 1201 871 1244 praesumis

166 1244 183 1279 I
208 1245 263 1287 32,
280 1245 313 1279 5.
338 1245 424 1290 quid
443 1245 504 1279 isti
523 1248 767 1289 praesumunt,
793 1256 872 1281 cum

165 1291 243 1324 sint
266 1290 429 1335 adoptati
451 1317 458 1323 .
474 1317 480 1324 .
499 1291 518 1326 ‘?
542 1292 584 1325 A.
611 1291 675 1326 727

119 1336 403 1380 praetermittere
427 1351 473 1366 =
497 1338 692 1382 neyleyere,
717 1340 871 1373 contem-

163 1392 249 1416 nere
277 1383 319 1416 A.
345 1382 412 1416 202

119 1428 344 1471 praeuenire:
375 1427 576 1462 terribilem
611 1429 725 1472 legem
756 1429 873 1472 prima.

166 1484 242 1508 cum
269 1484 352 1518 pace
377 1473 604 1520 (p)raeuenit
629 1474 646 1508 1
671 1475 725 1514 36,
752 1475 796 1508 12

118 1518 305 1562 prandium
318 1533 363 1549 =
380 1530 468 1554 cena
481 1519 683 1554 cottidiana
700 1521 872 1563 (Imbiss):

164 1565 316 1609 prandia
336 1590 344 1598 .
360 1591 368 1598 .
387 1566 547 1610 prospice
585 1565 714 1600 diurna
746 1566 783 1601 ΙΙ
816 1566 871 1607 20,

167 1611 219 1645 15.
244 1621 346 1655 quem
374 1615 592 1655 (pauperem)
617 1611 662 1646 ad
682 1612 869 1656 prandium

163 1657 270 1691 ducas
297 1656 335 1691 ΙΙ
359 1656 414 1699 20,
440 1657 485 1691 22

117 1703 253 1746 precari
287 1702 453 1736 absolute
476 1715 521 1727 =
545 1713 671 1737 orare:
705 1704 868 1738 noctibus

164 1747 358 1792 diebusque
372 1759 510 1792 precare
525 1748 610 1791 118,
625 1750 656 1782 1.
674 1750 870 1793 prostrauit

163 1803 199 1828 se
225 1793 399 1837 precando
425 1795 467 1830 A.
491 1795 558 1829 567

117 1849 274 1883 premere
298 1842 474 1874 tumorem
488 1840 518 1882 (ἱ)
521 1850 533 1885 )
559 1840 598 1875 II
622 1840 678 1883 26,
703 1842 725 1875 4

117 1896 215 1930 prex:
251 1895 319 1929 quo
350 1885 481 1920 uenisti
518 1885 662 1920 fundere
688 1897 805 1930 preces
830 1887 867 1922 ΙΙ
897 1900 900 1908 ’

162 1931 218 1972 35,
245 1931 279 1965 3.
304 1931 340 1965 in
366 1942 464 1976 prece
490 1932 606 1966 fienda
632 1932 867 1975 (fundendam

162 1979 205 2011 ut
228 1976 318 2011 fiant
342 1977 486 2011 silentia
511 1979 631 2012 uestra
655 1978 693 2012 ΙΙ
719 1979 774 2020 35,
801 1979 845 2013 15

117 2022 310 2067 primatus:
336 2022 419 2056 dum
446 2023 516 2057 sibi
534 2023 728 2068 primatum
748 2024 866 2059 uindi-

163 2069 258 2102 caret
282 2069 326 2102 A.
351 2068 419 2103 262

116 2113 277 2158 primitia
302 2113 319 2148 I
347 2114 399 2155 11,
427 2114 470 2148 18

116 2159 307 2205 primitiua
331 2173 376 2185 =
400 2160 459 2194 ius
483 2159 555 2203 filii
566 2161 807 2206 primogeniti
825 2161 866 2196 A.
895 2201 897 2206 A

115 2205 323 2297 pri213i2tiuus
355 2263 400 2276 =
432 2251 550 2294 primo
581 2255 729 2286 creatus
767 2253 784 2286 Ι
809 2252 863 2293 35,

163 2298 216 2332 11.
240 2297 283 2331 A.
308 2296 387 2330 529.
414 2316 456 2321 -
474 2297 651 2341 primitiui
670 2298 730 2332 uel
753 2308 864 2342 popu-

162 2343 217 2377 lus
242 2341 447 2386 primitiuus
472 2356 516 2367 Ξ
543 2342 676 2377 Iudaei
701 2343 789 2397 I4l,
812 2345 864 2379 15.
894 2375 897 2398 ι

161 2389 204 2422 A.
218 2387 297 2422 213.
313 2387 392 2423 617.
404 2406 451 2413 —
466 2401 510 2413 =
527 2399 647 2429 uerus,
661 2399 864 2434 qenwnusz
895 2405 897 2409 v

161 2433 196 2467 in
229 2433 415 2478 primitiua
445 2444 509 2467 sua
540 2434 710 2479 (gloria⁴?)
746 2435 864 2479 qualis

160 2480 209 2513 sit
234 2478 368 2521 (Deus),
396 2489 416 2513 a
441 2479 540 2513 nullo
565 2479 708 2515 uidetur
733 2482 772 2516 A.
801 2481 866 2515 109
894 2505 896 2534 l

115 2524 378 2569 primogenitus
403 2525 445 2558 A.
471 2526 539 2560 665

115 2569 367 2657 ρῑίΙῐηὲἕξὶίἰιῖῐηε
400 2572 563 2614 neglecta
589 2571 665 2615 lege
689 2571 861 2616 primordi
893 2596 895 2605 ⁴

114 2661 286 2706 primores
304 2663 340 2695 et
356 2661 459 2696 duces
478 2661 515 2697 11
536 2663 565 2703 1,
590 2662 646 2698 43.
672 2661 712 2695 A.
738 2662 865 2705 9870)
893 2633 895 2693 l

114 2707 271 2751 primus:
285 2709 418 2741 terreat
432 2707 474 2741 in
492 2707 650 2752 primis
666 2712 686 2745 (ἶ
701 2709 863 2751 :primm
893 2715 895 2719 ’

160 2756 194 2785 et
220 2754 377 2797 postea
401 2753 504 2787 melle
530 2757 708 2797 perungat
739 2753 776 2787 11
806 2755 861 2790 28,
893 2751 894 2758 ’

157 2805 190 2839 4,
215 2797 301 2845 quid
327 2799 420 2833 Deus
446 2799 482 2832 in
510 2799 635 2842 primis
661 2803 719 2840 (=
738 2799 860 2838 initio)
891 2821 893 2836 1

159 2878 168 2887 .
195 2878 201 2885 .
227 2847 314 2883 fecit
339 2843 381 2878 A.
407 2844 462 2879 59.
488 2844 591 2888 primi
620 2858 642 2869 ε
686 2845 862 2888 primores
890 2842 893 2882 Ι

927 210 1218 247 locutionum.

1608 214 1692 259 233

984 333 1033 414 {18
1035 334 1103 423 525,
1129 336 1151 370 2
1180 335 1242 379 (ef.
1274 336 1378 383 Verq.
1404 337 1498 373 Aen.
1523 338 1585 373 IX
1607 341 1690 375 453.

938 425 1194 473 princip<i)um
1230 440 1276 453 ==
1309 429 1549 473 principatus
1566 429 1610 473 ('?)
1648 430 1685 465 11

939 472 1038 561 privii}
1059 472 1104 543 Ξ
1121 519 1378 561 praestantior
1396 519 1435 553 A.
1453 520 1536 559 4343
1561 521 1610 563 cf.
1627 532 1687 566 po—

983 565 1064 598 tior.
1096 583 1142 588 —
1177 564 1310 608 priores
1324 564 1373 609 (22)
1406 578 1450 590 =
1482 566 1688 611 principes,

983 609 1168 644 antistites
1205 611 1247 644 A.
1284 610 1351 644 987
1392 611 1452 653 (cs.
1494 612 1686 656 interpret.

985 655 1109 692 Palat.
1137 655 1261 690 Herm.
1294 655 1396 691 Past.
1430 657 1494 691 vis.
1527 657 1569 691 II
1590 659 1626 699 2,
1653 660 1685 691 6.

983 703 1016 741 4,
1043 703 1086 734 2:
1112 701 1246 745 priores
1272 700 1448 744 ecclesiae)

938 759 1074 801 priscus
1087 771 1132 784 =
1143 761 1304 801 sanctu-r,
1321 758 1534 804 inleyer(?):
1553 760 1685 804 priscus

982 804 1219 838 inmaculatus
1244 803 1387 838 oflertor
1405 804 1521 851 (Abel)
1546 805 1563 840 1
1580 805 1634 849 39,
1653 807 1685 841 9.

981 850 1229 894 praecepitque
1268 849 1432 884 Christus
1471 861 1531 894 per
1571 851 1685 896 legem

983 895 1101 930 uiuere
1149 895 1258 929 riscos
1284 894 1322 929 11
1343 896 1373 938 1,
1398 897 1431 931 5.
1450 915 1492 921 —
1518 897 1686 931 memoria

983 940 1098 984 prisca
1147 940 1243 975 ebito
1268 939 1305 975 ΙΙ
1329 941 1385 981 39,
1411 941 1455 977 23

938 986 1132 1029 pristinus:
1158 986 1311 1031 pristina
1337 987 1438 1030 gesta
1463 986 1500 1022 11
1520 988 1570 1029 12,
1590 987 1623 1022 2.
1647 988 1684 1022 in

980 1032 1133 1076 pristina
1149 1042 1253 1066 carne
1267 1031 1308 1066 A.
1327 1032 1404 1067 795.
1432 1043 1511 1067 cum
1530 1033 1684 1077 pristino

981 1087 1122 1122 corpore
1148 1079 1188 1112 A.
1207 1078 1274 1112 826

935 1124 1116 1167 priuatum
1154 1137 1198 1148 Ξ
1227 1123 1422 1167 possessio:
1462 1123 1601 1159 caderet
1639 1125 1681 1160 de

982 1179 1044 1203 suo
1070 1168 1211 1212 priuato
1236 1170 1278 1203 A.
1302 1169 1371 1204 254

935 1225 997 1258 pro
1022 1215 1245 1249 interiectio:
1282 1214 1361 1257 pro!
1395 1214 1680 1260 exanim(at)um

982 1271 1109 1304 corpus
1135 1260 1254 1294 ornari
1278 1259 1316 1294 11
1341 1260 1396 1301 33,
1421 1262 1442 1294 3

935 1328 998 1361 pro
1033 1317 1256 1361 praepositio
1291 1330 1335 1341 =
1371 1320 1478 1351 ante:
1517 1318 1588 1352 exis
1620 1328 1682 1362 pro

982 1363 1116 1397 forinus
1141 1363 1159 1398 1
1184 1363 1240 1403 37,
1266 1363 1298 1397 8.
1332 1362 1370 1396 ΙΙ
1401 1363 1433 1404 3,
1468 1363 1520 1398 18.
1557 1384 1599 1389 -

975 1413 1149 1453 propter:
1175 1419 1234 1453 pro
1262 1408 1413 1442 uictoria
1438 1408 1554 1443 laetus
1572 1409 1679 1450 1112,

981 1455 1033 1489 13.
1070 1465 1133 1499 pro
1158 1465 1197 1488 eo
1223 1453 1368 1488 timebis
1393 1453 1411 1488 1
1436 1454 1491 1495 32,
1520 1455 1572 1489 10.
1611 1466 1679 1490 non

982 1525 989 1531 .
1004 1525 1012 1532 .
1039 1511 1102 1545 pro
1134 1502 1289 1544 tempore
1306 1499 1422 1533 clauso
1432 1499 1479 1544 (P)
1497 1500 1556 1535 sed
1577 1512 1681 1545 prop-

978 1550 1031 1580 ter
1068 1546 1232 1581 futurum
1268 1548 1403 1589 tempus
1441 1545 1482 1579 A.
1518 1546 1598 1581 301.
1636 1566 1682 1572 —

980 1606 1023 1617 -Ξ
1056 1603 1184 1626 causa:
1228 1590 1289 1635 qui
1331 1592 1464 1625 frustra
1501 1602 1562 1636 pro
1604 1592 1682 1627 uita

978 1637 1145 1672 coluntur
1170 1638 1211 1672 A.
1235 1636 1315 1671 436.
1343 1656 1381 1661 —
1409 1650 1452 1661 =
1477 1639 1549 1672 tam
1579 1649 1681 1672 uam:

978 1686 1015 1716 et
1047 1682 1114 1717 tibi
1151 1693 1213 1726 pro
1247 1682 1356 1728 le(ui)
1384 1681 1527 1717 uidetur
1582 1683 1599 1718 I
1626 1684 1680 1725 16,

979 1729 1042 1770 13;
1067 1728 1113 1771 cf.
1139 1728 1176 1762 11
1202 1728 1257 1767 35,
1285 1731 1301 1762 1
1328 1739 1380 1772 sq.
1406 1738 1492 1772 quos
1517 1731 1598 1763 ante
1619 1740 1681 1774 pro

977 1785 1108 1818 magno
1122 1773 1283 1808 colebant
1297 1775 1338 1808 A.
1353 1774 1439 1808 1015
1451 1773 1511 1815 (cf.
1524 1775 1681 1819 Auqust.

975 1820 1045 1854 eiu.
1071 1820 1146 1855 Dei
1168 1820 1239 1855 uol.
1266 1820 1292 1854 Ι
1310 1831 1347 1864 p.
1375 1821 1427 1860 71,
1452 1821 1512 1853 22.
1539 1820 1610 1855 uol.
1638 1820 1684 1855 11

898 1912 899 1920 ἵ
970 1876 1009 1909 p.
1036 1868 1116 1907 355,
1142 1867 1193 1901 29
1218 1865 1282 1907 Dff)

897 1926 899 1966 ζ
929 1922 1077 1968 probare
1101 1938 1145 1953 =
1169 1922 1385 1966 δοκιμάζειν,
1417 1925 1608 1966 temptare:
1642 1925 1683 1957 ut

897 1969 899 1973 ’
975 1968 1079 2002 homo
1106 1971 1186 2013 post
1211 1969 1288 2002 fata.
1313 1970 1491 2012 probetur,
1515 1969 1594 2012 quis
1609 1968 1679 2002 Deo

973 2014 1104 2057 dignus
1141 2015 1182 2049 A.
1216 2014 1271 2048 88.
1311 2014 1342 2047 si
1374 2023 1549 2048 sermones
1582 2014 1680 2048 illius

974 2062 1059 2094 sunt
1097 2061 1183 2101 ueri,
1221 2058 1407 2104 probemus
1438 2060 1481 2093 A.
1504 2059 1583 2094 491.
1621 2059 1679 2094 hic

975 2106 1117 2141 crudele
1135 2105 1232 2140 nefas
1247 2106 1398 2149 imperat
1413 2104 1454 2138 de
1468 2105 1569 2139 unico
1585 2107 1678 2145 nato,

974 2154 1014 2186 ut
1038 2151 1204 2196 probaret
1221 2150 1400 2185 Abraham
1431 2153 1471 2184 A.
1488 2150 1550 2184 621
1571 2161 1621 2194 sq.
1636 2170 1682 2176 -—

973 2211 1016 2227 =
1033 2197 1238 2231 ostendere:
1264 2196 1359 2230 Deus
1385 2195 1492 2230 uerbo
1510 2195 1678 2239 probatur

927 2299 1087 2343 probatio
1098 2313 1142 2329 =
1153 2298 1362 2341 δοκιμασίας
1378 2297 1420 2331 ad
1436 2297 1676 2342 probationem

977 2344 1162 2389 [nostram]
1223 2345 1407 2378 daemones
1460 2343 1495 2377 in
1545 2344 1676 2377 mundo

894 2415 897 2436 ,
972 2389 1138 2436 uag<ar)i
1164 2389 1180 2424 Ι
1205 2390 1260 2430 22,
1290 2389 1332 2423 10

895 2438 896 2443 ’
927 2435 1109 2479 procedere
1145 2449 1188 2465 =
1226 2435 1267 2468 in
1294 2433 1478 2478 publicum
1508 2434 1676 2478 prodire:

972 2481 1101 2525 gentili
1113 2491 1205 2514 more
1215 2481 1352 2524 quaeris
1362 2480 1546 2523 procedere
1557 2479 1678 2514 Domi·

971 2527 1007 2560 ni
1032 2528 1155 2560 sancta
1180 2525 1216 2559 11
1248 2525 1296 2563 19,
1324 2525 1355 2558 7.
1388 2544 1433 2550 -
1456 2539 1500 2554 =
1525 2525 1679 2559 existere

972 2572 1074 2614 oriri,
1099 2571 1260 2605 institui:
1287 2581 1342 2604 res
1360 2570 1465 2604 semel
1484 2570 1520 2604 in
1541 2580 1670 2605 uano..

972 2617 1162 2659 processit,
1212 2619 1253 2650 ut
1274 2642 1303 2650 ..
1323 2615 1512 2650 credantur
1531 2641 1539 2649 .
1554 2642 1562 2650 .
1583 2616 1676 2650 falsa

971 2662 987 2696 Ι
1018 2663 1070 2704 17,
1104 2663 1157 2697 15.
1190 2661 1282 2696 unde
1307 2661 1522 2705 processisti,
1561 2662 1676 2695 nescis

971 2708 987 2741 1
1013 2709 1067 2749 24,
1093 2709 1125 2741 6.
1150 2707 1282 2750 optima
1300 2706 1354 2740 lex
1375 2732 1404 2740 ..
1423 2705 1465 2740 de
1484 2706 1580 2749 ligno
1599 2716 1676 2750 pro—

970 2753 1076 2787 cessit
1110 2753 1125 2787 1
1157 2754 1212 2792 35,
1249 2753 1300 2786 14.
1336 2752 1379 2786 de
1410 2752 1542 2795 duplici
1576 2752 1675 2794 ligno

970 2798 1053 2838 dixi,
1074 2808 1167 2832 mors
1185 2797 1277 2832 unde
1295 2798 1475 2842 processit,
1493 2801 1526 2831 et
1546 2798 1674 2831 iterum

969 2843 1050 2877 inde
1084 2842 1266 2888 procedere
1299 2843 1411 2878 uitam
1439 2843 1454 2876 1
1490 2843 1543 2880 36,
1579 2844 1592 2876 1
1622 2851 1673 2885 sq.
