1934 3278
463 250 515 284 De
541 261 609 284 non
636 249 809 294 parcendo
835 250 871 284 in
897 250 999 285 deum
1025 250 1322 295 delinquentibus,
1566 251 1650 294 233

146 379 308 420 stores?
356 376 459 418 dicit
499 375 690 417 dominus
730 376 770 417 in
802 375 1057 429 Euangelio:
1095 378 1251 429 pastor
1287 375 1417 418 bonus
1455 377 1645 418 animam

141 461 263 489 suam
300 446 431 499 ponit
465 458 549 498 pro
596 445 768 497 ouibus;
811 445 886 497 qui
930 445 1248 486 mercennarius
1287 447 1346 486 est
1386 448 1424 486 et
1463 458 1548 487 non
1591 449 1650 488 est

134 519 299 571 pastor,
333 516 454 558 cuius
485 527 572 556 non
601 517 701 555 sunt
732 526 828 556 oues
851 515 1069 567 propriae,
1100 514 1214 556 uidet
1244 514 1394 567 lupum
1415 515 1648 556 uenientem

140 588 179 628 et
207 585 410 637 relinquit
440 596 536 625 oues
565 586 604 625 et
633 583 771 637 fuqit‚·
815 586 857 624 et
891 582 1018 635 lupus
1057 583 1174 636 rapit
1213 583 1316 625 illas
1351 586 1390 625 et
1422 584 1645 638 dispargit,

105 664 121 689 ⁵
139 654 340 708 quoniam
369 652 688 694 mercennarius
719 654 779 693 est
808 654 845 692 et
875 664 962 693 non
986 652 1172 704 pertinet
1201 652 1259 694 ad
1290 666 1386 696 eum
1414 653 1464 694 de
1485 653 1644 695 ouibus.

141 723 240 777 quid
271 722 414 776 itaque
446 721 564 763 nobis
597 721 687 762 erat
716 719 972 774 gerendum,
1014 734 1065 762 ne
1096 721 1173 763 tibi
1205 722 1498 764 contumeliosi
1538 722 1646 764 exti-

137 793 240 835 tisse
271 792 540 833 uideremur?
583 789 855 843 cognouimus
886 789 929 830 te
967 789 1132 842 lupum,
1174 790 1357 832 uidimus
1390 791 1443 832 ad
1474 803 1575 833 oues
1605 791 1647 831 te

139 861 369 903 tetendisse
403 859 558 901 domini
590 871 752 907 manus.v
787 858 1079 911 conspeximus
1110 860 1152 900 te
1185 872 1265 901 uno
1296 861 1484 913 tempore
1516 872 1646 902 cona-

138 931 229 971 tum
266 929 424 970 laniare
465 928 638 969 cunctos
671 927 826 969 domini
858 927 1102 969 inuocantes
1136 940 1298 970 nomen.
1348 929 1647 982 numquidnam

88 1007 119 1032 ¹⁰
139 998 276 1041 fuerat
308 997 479 1051 dignum
512 1009 590 1038 non
623 997 836 1050 pastores,
869 996 945 1038 sed
977 997 1286 1039 mercennarios
1319 998 1511 1039 exhibere
1544 1001 1647 1039 nos?

139 1068 262 1110 Petro
297 1067 399 1108 dicit
430 1066 576 1108 beato:
615 1078 747 1118 pasce
777 1078 907 1119 aynos
937 1079 1064 1115 meos,
1107 1066 1148 1107 et
1179 1066 1354 1108 iterum:
1395 1080 1524 1119 pasce
1554 1067 1647 1108 owi-

136 1137 255 1178 oulas
287 1148 428 1186 meas‚·
459 1135 500 1176 et
531 1135 578 1175 ut
608 1134 780 1175 ueniens
810 1134 935 1187 lupus
967 1135 1032 1176 uis
1065 1147 1135 1177 eos
1169 1135 1238 1189 qni
1271 1148 1538 1178 successores
1572 1149 1645 1178 ex-

137 1205 273 1246 titisse
304 1203 572 1245 inueniuntur
594 1202 718 1244 beato
741 1202 864 1243 Petro
887 1202 1026 1244 uicem
1051 1215 1199 1257 gerere
1230 1205 1645 1246 mercennariorum?

138 1286 208 1316 eos
249 1285 352 1327 quos
388 1271 636 1325 iampridem
677 1284 750 1325 per
788 1271 1048 1313 Hieremiam
1089 1272 1340 1326 promiserat
1377 1274 1529 1327 populo
1570 1285 1645 1315 suo

88 1356 119 1382 15
136 1343 300 1385 dicens:
348 1345 386 1383 et
415 1341 520 1383 dabo
551 1341 669 1383 uobis
702 1344 894 1394 pastores
923 1341 1152 1384 secundum
1190 1356 1261 1384 eor
1299 1356 1454 1392 meum,
1496 1345 1534 1385 et
1558 1356 1643 1395 pa·

135 1415 249 1455 seent
277 1424 351 1453 uos
374 1413 595 1464 pascentes
625 1424 719 1452 cum
749 1410 996 1465 disciplina,
1031 1411 1073 1451 et
1105 1423 1183 1452 non
1217 1410 1340 1452 dixit:
1386 1411 1491 1454 dabo
1531 1412 1645 1453 uobis

137 1481 434 1525 Constantium
472 1482 787 1533 imperatorem,
831 1479 904 1532 qui
936 1492 1010 1520 uos
1040 1480 1177 1532 possit
1213 1481 1263 1521 in
1293 1480 1453 1522 diaboli
1485 1484 1644 1522 uertere

129 1551 350 1604 praedam.
399 1549 516 1590 dicas
548 1561 622 1591 nos
654 1549 763 1590 male
797 1560 935 1602 agere,
980 1549 1078 1602 quia
1109 1550 1331 1603 sacrilegio
1362 1551 1434 1592 tuo
1467 1550 1643 1592 resista-

135 1633 228 1661 mus
258 1619 414 1660 uirtute
446 1619 625 1671 protecti
658 1618 737 1660 dei.

83 1701 117 1725 20
192 1689 286 1730 XII.
334 1687 566 1729 Videamus
599 1686 699 1740 quid
738 1687 863 1728 etiam
903 1687 1091 1740 tempore
1124 1701 1204 1741 quo
1237 1689 1514 1742 contyrannus
1545 1689 1644 1730 tuus

135 1756 366 1798 Antiochus
408 1756 651 1809 persecutor
692 1756 859 1797 nostrae
905 1756 1119 1810 religionis
1153 1757 1303 1803 extitit,
1337 1757 1437 1810 quid
1470 1757 1645 1799 fecerint

132 1825 176 1867 hi
214 1825 285 1879 qui
323 1824 601 1866 meminerant
642 1824 808 1877 praeter
854 1824 979 1865 deum
1021 1825 1228 1866 neminem
1269 1825 1515 1867 timendum.
1569 1825 1644 1868 sed

134 1895 248 1948 prius
282 1895 345 1935 est
376 1905 607 1947 cognoscas
647 1906 753 1946 quae
794 1892 886 1942 ille,
934 1893 1002 1934 cui
1034 1895 1079 1934 tu
1112 1893 1260 1935 similis
1294 1907 1359 1940 es,
1407 1895 1642 1948 scripserim

135 1963 192 2005 sic
227 1963 380 2004 etenim
413 1961 568 2015 poteris
604 1961 850 2015 intellegere
890 1962 984 2004 illos
1029 1962 1095 2004 dei
1139 1975 1304 2005 seruos.
1353 1976 1527 2016 qnorum
1569 1976 1642 2005 nos

83 2043 116 2068 ι’»
133 2032 324 2085 cupimus
345 2030 522 2072 inueniri
544 2030 782 2084 participes,
815 2031 1021 2073 restitisse
1045 2031 1240 2073 Antiochi
1263 2032 1499 2085 sacrilegio,
1533 2032 1643 2074 sicut

135 2100 176 2142 et
206 2112 280 2142 nos
311 2099 386 2141 tibi
422 2099 499 2141 deo
531 2099 708 2153 propitio
740 2099 1000 2141 resistamus.
1038 2099 1223 2153 loquitur
1255 2101 1402 2141 sancta
1434 2100 1643 2154 scriptura

135 2169 278 2210 dicens
310 2169 350 2210 in
383 2169 740 2210 Machabaeorum
779 2168 911 2221 primo
954 2168 1081 2210 libro:
1129 2172 1167 2210 et
1204 2170 1375 2222 scr-ipsit
1414 2183 1487 2212 rex
1526 2170 1642 2211 omni

131 2251 256 2291 reqno
294 2250 386 2289 sue,
434 2240 481 2279 ut
520 2240 622 2279 esset
661 2239 888 2279 uniuersus
920 2238 1109 2291 populus
1146 2251 1258 2279 unus
1288 2241 1325 2279 et
1355 2238 1640 2292 relinquerent

131 2307 414 2360 unusquisque
452 2306 640 2361 leqitima
675 2319 766 2348 sua.
813 2310 850 2348 et
881 2310 1124 2360 receperunt
1153 2320 1293 2349 omnes
1321 2310 1462 2361 yentes
1490 2319 1639 2348 secun-

82 2376 231 2418 ³⁰dum
261 2375 434 2418 uerbum
465 2376 576 2429 reyis
607 2379 644 2417 et
674 2375 798 2417 multi
823 2389 872 2418 ex
896 2376 1035 2417 Israel
1057 2378 1354 2418 consenserant
1385 2375 1514 2417 simul
1545 2389 1637 2417 cum

131 2443 220 2486 illis
256 2447 292 2486 et
333 2444 582 2497 polluerunt
621 2444 853 2486 sabbatum.
905 2448 941 2485 et
980 2445 1098 2486 misit
1135 2457 1208 2486 rex
1253 2443 1380 2486 libros
1419 2445 1466 2484 in
1506 2457 1637 2486 manu

272 2603 285 2636 1
314 2602 386 2636 Ioh.
415 2603 467 2639 10,
495 2603 629 2636 11-13
773 2604 809 2636 11
840 2602 885 2637 ib.
912 2603 967 2642 21,
997 2603 1048 2636 16.
1078 2603 1118 2636 17
1253 2603 1292 2636 17)
1322 2602 1412 2636 Hier.
1439 2603 1472 2637 3.
1502 2604 1544 2637 15

133 2656 176 2690 27
200 2657 216 2691 1
240 2657 353 2693 Mach.
382 2659 410 2701 1,
437 2659 572 2692 43-52

196 2817 217 2850 9
243 2819 376 2852 cunctis
509 2821 750 2865 numquitnmn
891 2820 935 2853 ‘24
961 2830 1102 2864 quorum
1129 2821 1221 2854 coni.
1254 2820 1446 2856 Latinius.
1475 2820 1638 2864 quoniam

138 2876 186 2910 Vi*
278 2874 322 2907 27
349 2876 615 2911 machabeorum
