1934 3278
278 182 332 222 62
930 180 1127 216 Luciferi

279 310 468 348 uentrem
498 320 652 358 suum;
692 307 777 360 ipsi
816 320 912 348 uero
934 310 1190 360 permanent
1228 310 1446 360 tamquam
1477 320 1574 349 oues
1603 308 1652 349 in
1675 321 1779 361 per-

273 379 399 429 petuo
429 379 468 418 et
496 376 580 429 filu·
611 389 753 418 eorum
775 379 937 428 accepto
970 389 1128 430 oryano
1160 375 1314 418 ludunt
1345 389 1439 417 cum
1469 376 1781 429 delectamento,

279 448 326 485 ut
347 445 485 486 uitam
506 445 709 498 deyerant
727 446 775 486 in
796 445 926 498 bonis,
958 459 1051 487 eum
1072 445 1186 486 dicat
1207 445 1424 487 dominus:
1455 446 1626 488 recedite
1657 460 1684 486 a
1704 459 1780 498 me,

278 514 433 567 iniqui,
479 515 577 555 uias
607 514 782 556 illorum
813 514 906 556 nolo
938 527 1067 567 nosse,
1114 514 1316 567 quoniam
1347 514 1521 556 lucerna
1551 515 1781 568 impiorum

279 584 546 637 extinyuetur
577 586 615 624 et
641 584 796 637 yemitu
826 582 1022 625 dolebunt
1053 583 1101 624 in
1131 583 1225 624 uita
1254 596 1346 625 sua.
1409 587 1532 625 erunt
1564 587 1782 637 tamquam

272 651 417 705 palea,
466 666 572 704 quae
611 666 638 693 a
680 655 802 693 uento
841 652 1027 705 rapitur,
1075 655 1152 694 aut
1189 655 1406 705 tamquam
1438 653 1605 706 puluis,
1652 654 1725 707 qui
1755 667 1782 694 a

279 724 515 774 tempestate
536 721 748 771 uoluitur;
778 720 952 762 uideant
974 724 1113 762 autem
1136 720 1245 762 oculi
1266 721 1442 763 illorum
1463 724 1650 763 mortem.
1684 734 1781 762 cum

278 791 381 831 haec
406 790 537 831 sciam
562 789 775 831 dominum
799 789 848 830 de
870 790 954 831 illis
978 790 1145 839 dixisse,
1169 791 1307 832 scitote
1328 791 1431 844 quia
1452 804 1572 832 nemo
1594 793 1780 832 uestrum

277 862 407 911 potest
438 874 498 900 me
530 872 768 912 conpescere
799 861 848 899 ut
877 861 1052 909 taceam,
1086 871 1159 900 cur
1190 860 1293 900 haec
1325 859 1653 913 gloriosissimus
1679 858 1782 900 dicit

278 930 384 969 Iob?
432 928 509 970 nisi
550 928 646 982 quia
688 927 815 969 sciret
847 940 972 981 quam
1002 927 1204 981 plurimos
1238 928 1406 981 quidem
1438 928 1548 969 male
1583 940 1707 981 agere
1741 927 1783 969 et

276 998 419 1038 tamen
453 997 579 1038 certis
612 1010 691 1039 non
724 997 867 1038 statim
898 997 1034 1048 reddi,
1068 997 1143 1039 sed
1165 998 1324 1039 seruari
1349 1010 1419 1039 eos
1442 998 1495 1039 ad
1516 999 1607 1048 hoc,
1640 998 1687 1038 ut
1711 996 1783 1038 aut

278 1079 321 1108 se
355 1067 566 1120 corrigant
600 1068 671 1107 aut
694 1067 807 1108 certe
833 1067 927 1120 post
953 1066 1111 1108 obitum
1135 1067 1317 1108 sentiant
1339 1067 1587 1108 delictorum
1612 1079 1781 1108 suorum

275 1148 443 1189 poenas,
478 1136 660 1177 sentiant
691 1136 791 1189 quid
822 1136 947 1177 suerit
977 1149 1055 1177 non
1089 1136 1303 1189 quaesisse
1337 1136 1474 1186 deum,
1508 1148 1586 1177 non
1620 1136 1657 1177 ei
1689 1149 1779 1177 ser-

275 1205 401 1255 uisse,
438 1204 535 1245 dum
567 1204 746 1245 facultas
780 1204 881 1254 erat,
914 1204 1122 1245 credendo
1154 1204 1195 1245 in
1229 1217 1323 1245 eum
1356 1205 1491 1246 solum
1513 1204 1779 1246 famulando-

279 1286 357 1326 que
393 1274 430 1314 ci
463 1287 557 1314 eum
589 1273 827 1326 promereri.
891 1273 975 1314 iam
1008 1273 1132 1314 credo
1165 1273 1384 1315 conuictus
1414 1274 1521 1315 tanti
1552 1274 1632 1314 uiri
1653 1274 1778 1315 testi-

275 1342 413 1384 monio
456 1341 623 1383 desinas
665 1342 804 1383 dicere
834 1342 876 1382 te
908 1342 1019 1383 iuste
1052 1342 1214 1393 fecisse,
1249 1342 1359 1395 quod
1393 1343 1599 1384 amoueris
1624 1342 1780 1384 domini

278 1410 520 1453 sacerdotes
570 1411 610 1452 et
658 1411 915 1452 ordinaueris
963 1412 1089 1452 etiam
1133 1411 1333 1453 Arrianae
1373 1412 1471 1453 fidei
1509 1412 1698 1453 homines
1740 1412 1781 1453 et

276 1482 450 1523 iusseris
483 1480 610 1522 fidem
642 1481 878 1534 praedicari
910 1481 1074 1522 Arriani
1099 1481 1320 1535 dogmatis,
1355 1481 1466 1535 quod
1487 1481 1778 1534 proscripseris

278 1552 318 1592 et
370 1550 656 1604 deportaueris
709 1551 750 1591 et
794 1550 1004 1592 tormenta
1056 1550 1291 1592 admoueris
1331 1550 1472 1603 eatque
1518 1549 1779 1591 interfeceris

277 1619 499 1660 credentes
520 1618 563 1659 in
580 1618 750 1659 unicum
770 1617 835 1659 dei
853 1618 1008 1666 filium3
1029 1618 1207 1669 desines,
1225 1619 1409 1672 inquam,
1429 1618 1568 1660 dicere
1586 1618 1778 1673 propter-

277 1701 326 1729 ca
356 1688 398 1729 te
433 1688 575 1728 uiuere
619 1687 660 1727 et
693 1687 750 1728 sic
791 1687 832 1727 in
863 1699 991 1741 regno
1030 1687 1191 1740 florere,
1225 1688 1336 1741 quod
1365 1688 1440 1728 illa
1473 1688 1607 1741 egeris
1641 1700 1688 1729 ac
1722 1688 1779 1729 sis

276 1769 440 1810 gerens,
476 1755 640 1809 quando
665 1755 812 1797 audias
838 1756 1047 1797 dicentem
1068 1757 1227 1798 iustum
1250 1756 1385 1797 uirum
1408 1757 1494 1807 Iob,
1529 1769 1652 1810 quem
1676 1756 1779 1797 deus

276 1826 363 1867 sine
399 1825 570 1878 querela
604 1824 754 1866 dixerit
786 1825 864 1866 sibi
888 1825 1082 1874 seruisse,
1116 1837 1238 1878 quem
1261 1838 1407 1866 uerum
1430 1838 1551 1867 suum
1574 1825 1779 1866 cultorem

277 1893 522 1943 narrauerst,
558 1886 668 1946 quod
702 1893 822 1943 enim,
856 1906 951 1934 cum
984 1894 1066 1935 sint
1086 1894 1211 1947 impie
1245 1907 1369 1948 quam
1390 1893 1558 1947 plurimi
1592 1893 1777 1946 agentes,

274 1964 420 2003 tamen
451 1962 492 2003 in
524 1963 602 2003 hac
635 1961 724 2002 uita
753 1962 899 2003 uiuant
931 1975 1056 2015 quam
1078 1962 1391 2004 iucundissime.
1446 1962 1580 2003 adhuc
1606 1962 1778 2015 dignare

278 2031 466 2084 accipere
491 2044 597 2084 quae
621 2030 727 2071 infra
751 2030 865 2072 dicat
888 2031 938 2072 de
962 2031 1080 2072 uobis
1102 2031 1240 2084 impiis
1264 2031 1304 2072 et
1327 2043 1532 2084 cognosce
1556 2030 1777 2084 quomodo⁷

276 2113 371 2141 cum
404 2100 514 2141 male
549 2099 699 2153 agatis,
731 2099 897 2140 interim
929 2099 1048 2140 uobis
1069 2099 1265 2152 parcatur
1288 2099 1329 2140 et
1352 2099 1484 2140 temet
1507 2098 1583 2140 deo
1605 2110 1777 2151 reprae-

275 2169 395 2210 senta
439 2181 511 2221 per
557 2167 869 2221 paenitentiam.
932 2168 1162 2210 nesciebam
1202 2169 1405 2220 quomam
1445 2169 1547 2209 tales
1589 2167 1778 2208 tenebrae

274 2241 480 2279 uenturae
511 2239 648 2279 essent
677 2240 773 2279 ante
801 2238 956 2291 faciem
987 2250 1134 2279 meam.
1181 2251 1310 2290 quare
1342 2251 1449 2291 erqo,
1482 2237 1659 2287 domine,
1692 2249 1778 2278 non

266 2306 392 2360 potui
408 2319 498 2347 una
515 2306 621 2347 hora
643 2305 771 2346 latere
781 2321 796 2357 ;
820 2305 943 2358 impii
964 2309 1104 2347 autern
1122 2308 1343 2347 transeunt
1358 2306 1407 2347 in
1427 2306 1584 2359 finibus
1603 2305 1776 2359 alienis,

273 2379 309 2416 et
338 2388 478 2428 yreyes
511 2375 655 2415 ouium
688 2388 780 2415 cum
808 2375 1051 2427 pastoribus
1081 2378 1321 2427 rapuerunt
1357 2378 1394 2415 et
1424 2388 1580 2427 pecora
1620 2373 1776 2426 orpha-

410 2479 454 2512 20
478 2478 542 2512 Iob
568 2478 621 2511 23.
650 2479 690 2512 17
716 2499 761 2503 --
785 2478 839 2522 24,
867 2478 906 2512 11

340 2569 361 2602 2
387 2552 430 2602 fil¹
540 2571 560 2603 3
585 2573 634 2615 ut]
662 2573 697 2605 et
722 2573 808 2614 fort.
929 2572 1095 2617 degerent
1120 2584 1139 2607 v
1265 2572 1306 2605 10
1332 2571 1434 2605 sciret
1457 2571 1502 2614 (ci
1528 2573 1567 2606 in
1592 2575 1684 2616 ras.)

274 2626 312 2659 11
341 2626 454 2670 certis]
481 2629 600 2671 poenis
628 2629 715 2663 add.
733 2630 914 2663 Latinius
932 2630 1049 2673 falso;
1066 2629 1112 2672 cf.
1132 2630 1209 2663 ind.
1307 2628 1348 2662 13
1367 2629 1512 2672 quisisse
1608 2629 1649 2662 15
1675 2628 1775 2663 credo

278 2684 317 2722 V,
344 2682 444 2716 crede
469 2695 489 2717 υ
630 2686 671 2719 16
704 2687 908 2720 ammoneris
1049 2687 1090 2720 17
1117 2697 1213 2720 amar
1237 2686 1373 2724 rianae3
1406 2686 1452 2727 cf.
1481 2698 1520 2730 p.
1545 2689 1605 2730 26,
1636 2689 1686 2721 25

272 2739 315 2772 20
340 2739 477 2773 desines
492 2742 639 2785 scripsi,
665 2742 793 2776 desinis
818 2745 857 2783 V,
884 2743 1002 2777 desine
1028 2755 1047 2778 z·
1141 2743 1184 2777 24
1210 2743 1366 2776 narrauit
1385 2742 1498 2776 Cozetz'
1591 2743 1635 2776 25
1661 2743 1778 2777 iocun-

272 2795 433 2830 dissimae
527 2798 567 2830 31
597 2799 792 2833 orfanorum

1817 594 1834 618 ⁵

1801 936 1833 961 10

1800 1289 1832 1314 15

1799 1632 1832 1656 20

1798 1973 1831 1999 25

1797 2310 1831 2334 30
