1934 3278
596 269 650 303 De
676 270 796 303 sancto
821 267 1016 302 Athanasio
1041 267 1129 302 liber
1153 268 1195 302 11.
1570 258 1671 311 157,

147 409 240 439 cum
271 395 511 450 persecutor
544 394 610 436 dei
631 394 857 448 religionis,
890 406 985 435 cum
1006 394 1048 435 te
1071 393 1183 435 circa
1206 393 1294 434 eius
1317 393 1499 435 cultores
1521 406 1645 447 prae-

145 465 245 506 beas
263 463 514 513 carnificem,
540 462 744 517 quomodo
762 462 916 515 poteris
938 461 1103 515 sapiens
1120 462 1184 503 uir
1205 461 1380 503 inueniri
1399 462 1547 504 similis
1570 462 1643 511 illi,

145 545 267 586 quem
300 532 450 574 dixerit
482 531 672 573 dominus
695 543 819 584 supra
839 530 1002 584 petram
1025 529 1271 572 aedificasse
1297 529 1465 572 domum
1498 533 1646 572 suam?

202 601 272 642 VI.
307 600 389 643 Sed
421 601 557 654 inquis
589 600 733 642 contra
771 600 894 641 haec:
942 613 1025 641 non
1054 613 1146 641 sum
1176 599 1397 653 insipiens,
1437 613 1507 654 690
1544 601 1645 641 noui

109 679 204 711 ⁵me
233 671 474 722 sapientem.
538 668 571 710 si
616 667 779 722 sapiens
821 680 877 719 es,
918 680 990 709 cur
1031 680 1079 709 ea
1118 667 1254 709 fecisti
1296 668 1420 722 atque
1461 680 1504 710 es
1538 668 1645 710 faci-

143 751 214 780 ens
264 751 370 791 quae
422 737 498 779 soli
543 737 716 791 possunt
767 737 904 778 facere
954 737 1224 790 insipientes?
1292 737 1327 777 si
1375 749 1418 778 es
1465 737 1643 790 sapiens,

142 820 214 849 cur
247 807 435 848 damnari
466 806 675 848 mandasti
706 805 941 847 inauditum
973 806 1217 848 absentem?
1278 819 1351 847 cur
1382 806 1642 848 innocentem

139 876 390 930 praecepisti
431 875 639 917 interfici?
700 888 772 916 cur
813 874 879 916 dei
920 874 1160 917 sacerdotes
1209 874 1457 916 desiderasti
1503 874 1645 916 hostes

143 944 209 986 dei
241 944 360 986 fieri?
399 957 532 997 neque
565 943 673 985 enim
703 943 863 996 possint
894 943 960 984 dei
993 943 1101 985 effici
1134 943 1256 984 amici
1277 956 1350 997 per
1371 943 1448 985 hoc
1472 942 1642 993 factum,

92 1027 124 1052 ιο
141 1025 235 1055 cum
270 1013 478 1055 dominum
504 1012 613 1054 scias
647 1012 799 1054 dixisse
823 1011 1040 1065 apostolis:
1071 1012 1110 1054 si
1138 1012 1323 1065 feceritis
1352 1012 1460 1066 quod
1490 1012 1644 1053 mando

140 1082 267 1132 uobis,
306 1082 393 1123 iam
434 1095 519 1122 non
560 1081 700 1122 dicam
745 1094 819 1122 uos
862 1094 1015 1132 seruos,
1063 1080 1134 1122 sed
1178 1081 1347 1123 amicos.
1411 1080 1445 1122 si
1477 1081 1643 1134 sapiens

141 1163 197 1201 es,
239 1163 312 1191 cur
345 1149 566 1191 damnante
597 1150 639 1190 te
671 1149 945 1191 Athanasium
980 1148 1046 1190 dei
1078 1149 1274 1191 sacerdos
1315 1149 1449 1190 audiri
1482 1149 1642 1192 debeo?

139 1218 184 1260 tu
233 1232 326 1260 eum
374 1231 522 1260 causas
568 1218 781 1272 praestare
824 1218 1122 1272 allegationum
1163 1230 1331 1260 suarum
1381 1218 1550 1260 minime
1599 1231 1643 1260 es

138 1290 315 1341 passus?
346 1287 380 1330 si
414 1287 578 1341 sapiens
604 1300 660 1337 63,
696 1287 729 1329 si
754 1300 797 1329 es
830 1287 896 1328 dei
928 1286 1074 1337 cultor,
1108 1299 1181 1328 cur
1212 1299 1299 1337 nos,
1332 1287 1429 1341 quia
1461 1287 1640 1329 Christi—

89 1368 120 1394 15
140 1368 237 1397 anos
284 1368 375 1398 esse
429 1356 662 1406 fateamur,
718 1355 1008 1409 persequeris?
1083 1367 1155 1396 cur
1213 1367 1283 1397 cos
1337 1355 1407 1409 qui
1460 1368 1503 1396 36
1561 1368 1637 1397 11011

139 1423 317 1466 dixerint
364 1437 456 1466 esse
503 1424 775 1474 Christianos,
824 1423 897 1466 sed
944 1423 1152 1465 fateantur
1199 1437 1242 1466 se
1291 1436 1381 1466 esse
1429 1424 1640 1472 Arriauos,

136 1493 406 1535 uehementer
439 1493 608 1547 diligis?
641 1493 674 1534 si
706 1493 871 1547 sapiens
904 1505 960 1542 es,
993 1505 1067 1534 cur
1100 1493 1151 1534 ad
1185 1493 1354 1535 domum
1388 1492 1454 1534 dei
1486 1493 1638 1535 misisti

139 1573 262 1615 saepe
294 1562 470 1603 militem
504 1562 739 1604 armatum?
770 1562 804 1603 si
834 1561 1016 1615 prudens
1040 1574 1084 1604 es
1107 1562 1149 1603 et
1171 1561 1236 1603 dei
1257 1562 1299 1603 te
1325 1562 1432 1603 nosti
1456 1575 1639 1613 seruum,

138 1643 211 1672 cur
243 1630 331 1672 eius
362 1631 561 1684 populum
595 1631 721 1672 armis
754 1643 797 1672 es
827 1631 1072 1684 persecutus
1105 1631 1229 1683 atque
1252 1631 1544 1685 persequeris?
1567 1643 1641 1673 cur

86 1700 345 1753 20p0strem0
391 1699 520 1740 fidem
563 1699 835 1753 apostolicam
876 1700 1001 1752 atque
1046 1699 1334 1754 euangelicam
1382 1699 1636 1742 haereticam

137 1767 242 1809 dicis
275 1768 316 1809 et
346 1768 602 1809 haereticam
635 1767 887 1810 catholicam
919 1768 1191 1821 pronuntias?
1216 1768 1262 1809 tu
1293 1768 1335 1809 te
1378 1767 1482 1810 dicis
1524 1768 1638 1822 sapi-

136 1837 295 1884 entem3
330 1837 404 1878 sed
435 1837 581 1878 contra
613 1850 686 1879 nos
717 1837 923 1879 cernimus
956 1837 1114 1879 nullum
1144 1849 1265 1891 posse
1289 1837 1357 1891 qui
1383 1837 1486 1878 haec
1509 1836 1639 1878 faciat

136 1917 226 1947 esse
259 1906 504 1959 sapientem.
566 1906 658 1959 quis
691 1905 844 1947 etenim
876 1906 1106 1960 sacrilegus
1137 1906 1291 1960 poterit
1331 1905 1413 1947 dici
1454 1905 1637 1960 prudens

134 1974 213 2016 nisi
246 1975 296 2015 ab
327 1973 708 2027 inprudentioribus
740 1978 813 2016 se?
846 1974 879 2016 si
910 1974 954 2015 tu
988 1974 1153 2028 sapiens
1192 1987 1249 2023 63,
1284 1973 1516 2024 Constanti,
1543 1974 1634 2028 quis

84 2058 118 2084 25
135 2042 189 2084 sit
218 2043 260 2084 te
291 2043 565 2096 insipientior,
588 2043 774 2084 inuenire
796 2055 873 2084 non
897 2043 1054 2096 potero.
1086 2043 1186 2084 tune
1210 2042 1344 2084 adhuc
1366 2043 1443 2085 tibi
1473 2043 1635 2084 uideris

135 2122 225 2152 6336
258 2111 436 2164 sapiens,
471 2110 542 2164 qui
576 2110 701 2152 fueris
734 2110 971 2160 arbitratus,
1005 2110 1115 2164 quod
1148 2111 1256 2153 enim
1279 2111 1505 2165 prophetae
1530 2124 1635 2165 apo-

134 2179 228 2221 stoli
256 2191 301 2220 ac
333 2179 537 2233 martyres
566 2191 639 2232 pro
672 2179 866 2220 creatura
896 2179 1047 2220 fuerint
1079 2179 1316 2222 interfecti?
1348 2192 1500 2234 negare
1524 2180 1631 2221 enim

133 2259 212 2289 non
247 2247 420 2289 audebis
452 2247 626 2289 cunctos
657 2248 732 2290 hos
763 2261 835 2301 pro
866 2248 987 2290 unico
1021 2247 1089 2290 dei
1118 2248 1359 2290 interfectos
1390 2248 1490 2290 filio.
1528 2261 1632 2302 quo-

132 2316 256 2357 modo
275 2315 430 2369 poteris
450 2315 532 2357 dici
556 2316 733 2369 sapiens,
758 2316 827 2370 qui
845 2328 922 2358 non
942 2316 1074 2358 solum
1099 2316 1448 2359 descendentibus
1465 2317 1633 2370 pluuiis.

85 2384 370 2426 sofluminibus
401 2384 717 2429 inundantibus.
749 2385 944 2427 flantibus
977 2386 1112 2427 uentis
1142 2386 1338 2428 resistere
1376 2398 1453 2427 non
1494 2386 1634 2439 temp-

132 2452 305 2498 taueris,
339 2467 388 2494 nc
420 2454 565 2503 temet,
600 2454 668 2507 qui
703 2454 850 2495 domus
874 2466 964 2496 esse
986 2454 1196 2504 inueniris,
1230 2454 1634 2508 pessumdedissent.

134 2520 205 2562 sed
241 2522 282 2562 et
312 2521 399 2574 ipsc
433 2521 471 2562 in
505 2522 684 2575 pluuias,
718 2521 887 2563 flumina
918 2523 1146 2576 uentosque
1179 2523 1220 2564 te
1252 2522 1428 2565 uerteris
1463 2522 1515 2564 ad
1539 2524 1632 2566 hoc.

271 2645 312 2678 10
336 2644 407 2679 Iob.
435 2645 487 2685 15,
518 2646 568 2680 14.
597 2646 638 2679 15

201 2759 221 2792 6
254 2769 340 2803 quac
374 2760 566 2804 Latinius,
594 2760 682 2805 quod
716 2762 763 2795 Vae·
906 2761 946 2795 12
972 2760 1162 2795 damnante
1187 2762 1223 2795 tc
1248 2761 1395 2806 scripsi,
1429 2743 1631 2795 dam'antem

143 2805 153 2821 θ

133 2837 169 2861 se
196 2829 303 2870 (corr.
329 2839 373 2863 m.
397 2830 482 2871 rec.)
517 2830 554 2873 V,
581 2829 806 2864 damnantem
830 2832 865 2864 tc
894 2842 911 2864 1:
1012 2829 1130 2865 audire
1156 2842 1175 2864 v
1271 2830 1312 2863 15
1338 2831 1426 2874 esse]
1457 2841 1518 2864 nos
1544 2830 1631 2865 add.

133 2893 160 2917 8.
187 2883 206 2918 1.
235 2896 276 2919 m.
302 2895 370 2920 rec.
395 2889 428 2920 et
456 2898 473 2920 v
566 2886 609 2921 26
636 2887 726 2921 enim
752 2899 831 2932 (nvp.
861 2900 901 2922 m.
931 2899 997 2922 rec.
