1934 3278
304 266 373 296 1111

305 377 398 419 cani
450 377 492 419 et
541 376 759 418 cuiusdam
811 376 959 417 Veneti
1021 376 1311 418 auctoritatem
1370 379 1637 429 reuocabant,
1700 392 1807 433 quae

305 446 544 488 obscuriora
584 446 827 487 uiderentur
860 445 1081 499 diligenter
1118 445 1511 499 interpretabantur.
1564 447 1675 500 quod
1706 461 1806 489 uero

305 515 437 556 multa
465 514 710 568 imperfecta
741 515 809 555 uel
846 514 1005 556 intacta
1035 514 1294 567 reliquerunt
1326 527 1431 567 quae
1463 514 1621 557 codicis
1654 516 1805 557 auxilio

304 583 416 625 nullo
462 583 628 637 negotio
675 583 866 636 expedire
907 583 1111 636 poterant,
1163 583 1329 624 ueniam
1375 595 1454 624 non
1505 583 1806 638 denegabimus

305 653 405 694 uiris
458 651 636 705 optimis,
689 651 758 704 qui
809 652 855 692 ut
904 652 1001 692 tunc
1053 651 1253 704 temporis
1300 647 1485 704 plerique
1534 664 1675 694 omnes
1727 654 1806 695 sibi

302 721 418 762 libris
484 719 695 773 impressis
762 720 883 760 nimis
942 720 1097 773 imponi
1157 719 1409 773 paterentur.
1493 720 1543 761 de
1605 722 1804 764 subsidiis

303 802 401 830 uero
449 789 597 841 quibus
642 788 706 829 usi
753 787 834 829 sint
882 788 922 829 et
968 788 1161 830 editionis
1207 788 1378 830 consilio
1423 789 1525 829 haec
1568 789 1723 830 habent
1763 790 1804 831 in

303 857 428 909 praef.
474 870 512 909 p.
552 857 676 897 VIII:
727 852 790 897 ‘ac
842 857 1021 910 primum
1070 857 1203 910 ipsam
1257 856 1353 898 Tilii
1411 857 1635 899 editionem
1687 858 1805 900 nobis

305 926 559 979 sequendam
591 925 893 979 proposuimus,
927 926 1076 979 quippe
1101 939 1207 979 quae
1239 927 1431 967 ueterum
1454 926 1661 976 codicum,
1695 927 1805 968 unde

303 995 337 1035 is
368 994 550 1036 Luciferi
580 994 708 1036 libros
730 995 885 1047 primus
909 995 1027 1044 eruit,
1055 995 1281 1048 genuinum
1305 995 1358 1035 sit
1381 995 1637 1048 exemplu1n3
1671 1008 1805 1048 neque

305 1063 411 1104 enim
444 1075 550 1116 quae
580 1063 642 1103 illi
673 1063 813 1104 insunt
843 1064 1008 1113 menda,
1036 1065 1283 1118 typographi
1305 1064 1453 1118 magis,
1488 1077 1612 1117 quam
1634 1065 1804 1106 librari-

304 1145 419 1173 orum
468 1132 729 1184 antiquorum
775 1133 967 1174 inscitiae
1015 1133 1086 1174 aut
1130 1133 1316 1174 incuriae
1349 1134 1445 1174 sunt
1474 1133 1710 1183 tribuenda,
1744 1134 1802 1174 uti

305 1200 471 1241 inferius
510 1200 790 1242 monebimus:
834 1201 1026 1243 caeterae
1068 1214 1167 1243 uero
1210 1201 1426 1247 editiones,
1466 1202 1498 1243 si
1534 1201 1804 1244 Gallandium

302 1269 494 1321 excipias,
527 1268 689 1310 tantum
723 1269 984 1311 auctoritatis
1015 1282 1114 1323 prae
1146 1283 1189 1311 se
1215 1282 1295 1312 non
1326 1270 1476 1321 ferunt,
1509 1271 1556 1311 ut
1585 1270 1681 1312 illas
1711 1271 1803 1311 tuto

301 1337 418 1389 sequi
447 1349 676 1389 possemus.
709 1350 803 1378 cum
838 1337 1045 1379 editorum
1078 1338 1308 1388 arbitrium,
1342 1350 1422 1379 non
1446 1351 1578 1391 aequa
1612 1339 1803 1379 animad-

299 1406 448 1455 uersio,
497 1418 656 1448 errores
699 1407 804 1448 forte
851 1406 1069 1448 sustulerit
1115 1407 1286 1460 aliquot,
1319 1419 1398 1448 non
1430 1419 1586 1460 paucos
1618 1408 1731 1448 certe
1763 1407 1801 1447 in

302 1474 468 1515 easdem
508 1474 707 1515 intulerit.
761 1474 834 1516 sed
878 1487 973 1516 cum
1006 1475 1163 1517 codicis
1198 1475 1375 1516 alicuius
1409 1488 1527 1528 opem
1560 1475 1679 1517 nobis
1713 1488 1805 1517 esse

301 1543 579 1584 necessariam
624 1543 877 1593 uideremus,
927 1557 1106 1597 quocum
1150 1544 1313 1585 Tiliana
1355 1544 1482 1586 editio
1531 1544 1804 1586 conferretur.

300 1609 417 1651 illum
451 1612 676 1664 opportune
707 1611 748 1652 in
781 1612 987 1654 Vaticana
1016 1613 1272 1654 bibliotheca
1302 1613 1415 1653 nacti
1444 1625 1587 1654 sumus
1620 1612 1804 1654 saeculo.

301 1679 346 1718 ut
368 1679 494 1728 aiunt,
528 1693 632 1722 nono
657 1681 926 1734 descriptum,
961 1682 1001 1723 et
1021 1681 1063 1722 in
1084 1682 1235 1723 loculis
1256 1681 1536 1723 bibliothecae
1561 1681 1804 1722 distinctum

301 1760 409 1788 num.
445 1749 498 1789 75
527 1749 606 1789 litt.
635 1749 685 1791 N.
720 1750 778 1800 P„
820 1751 937 1792 cuius
979 1751 1169 1792 diuersae
1211 1763 1233 1791 a
1268 1749 1440 1791 Tilianis
1488 1750 1689 1791 dictiones
1731 1762 1804 1790 ex-

302 1816 480 1869 scriptae
515 1818 566 1858 ad
599 1831 671 1859 nos
702 1819 1014 1871 perhumaniter
1043 1819 1315 1860 transmissae
1339 1819 1454 1866 sunt;
1490 1817 1564 1860 sed
1587 1830 1666 1859 non
1691 1818 1803 1859 eius-

302 1884 412 1925 modi
454 1887 562 1935 sunt,
606 1899 710 1940 quae
754 1888 1004 1929 sententiam
1044 1888 1280 1937 immutent,
1315 1888 1356 1928 et
1386 1887 1525 1928 uarias
1556 1887 1803 1939 plerumque

304 1965 440 2003 uoces,
482 1955 600 1995 uaria
640 1956 689 1996 ab
734 1956 855 1997 editis
893 1969 941 1997 ex
975 1957 1136 1998 Tiliano
1168 1956 1313 1998 codice
1345 1956 1511 1997 nomina
1544 1955 1804 1997 solummodo

303 2025 518 2072 exhibent;
550 2024 660 2065 unde
691 2025 902 2075 coniicias,
935 2026 1087 2078 plures,
1122 2025 1191 2078 qui
1222 2024 1418 2078 leguntur
1442 2036 1602 2065 errores
1623 2024 1663 2064 in
1685 2023 1803 2064 libris

300 2093 494 2142 Luciferi,
536 2093 692 2134 inculto
738 2094 875 2146 potius
917 2094 957 2134 et
995 2106 1125 2146 paene
1165 2094 1342 2134 barbaro
1373 2092 1551 2133 hominis
1584 2091 1678 2133 stilo
1713 2104 1803 2133 esse

301 2162 556 2210 tribuendos,
590 2174 714 2214 quam
734 2161 1000 2202 librariorum
1022 2162 1183 2215 culpae.
1228 2161 1353 2202 alium
1375 2160 1595 2213 praeterea
1616 2160 1804 2201 codicem

303 2231 419 2272 nobis
468 2230 747 2271 adhibendum
793 2231 939 2272 tribuit
984 2231 1309 2272 humanissimus
1357 2242 1455 2271 sane
1498 2230 1538 2270 et
1581 2228 1803 2282 multiplici

304 2299 533 2340 eruditione
583 2299 758 2340 illustris
808 2300 1023 2353 presbyter
1067 2300 1114 2340 D.
1162 2299 1404 2340 Matthaeus
1450 2297 1644 2352 Aloysius
1697 2297 1801 2337 ciuis

303 2368 487 2408 Venetus
520 2380 539 2407 e
574 2379 649 2408 sua
679 2367 933 2408 bibliotheca
963 2368 1358 2416 uetustissimorum,
1391 2366 1637 2420 praesertim
1669 2365 1803 2406 Bibli-

304 2447 444 2476 corum
477 2436 668 2477 codicum
701 2435 917 2477 ditissima.
971 2436 1102 2478 codex
1132 2437 1225 2487 iste,
1260 2449 1383 2489 quem
1415 2435 1622 2476 Venetum
1655 2433 1801 2486 appel-

301 2503 450 2551 lamus,
503 2505 596 2545 ante
651 2517 777 2545 annos
828 2506 911 2545 fere
961 2505 1221 2558 octingentos
1269 2504 1449 2557 scriptus
1496 2502 1716 2544 Athanasii
1765 2502 1805 2542 et

303 2572 531 2614 Athanasio
578 2573 783 2625 quaedam
826 2573 1026 2614 attributa
1068 2586 1192 2626 opera
1234 2572 1431 2622 continet,
1471 2571 1512 2612 in
1543 2571 1678 2624 iisque
1709 2570 1802 2611 lon-

303 2640 461 2693 giorem
500 2640 623 2682 huius
666 2641 884 2693 epistolam
931 2641 983 2682 ad
1012 2641 1264 2687 Luciferum,
1308 2640 1426 2682 cuius
1457 2652 1533 2681 ms.
1569 2638 1801 2691 exemplum

304 2720 397 2748 cum
432 2708 594 2749 Tiliana
623 2709 707 2749 iam
739 2709 851 2750 edita
882 2705 1159 2751 contulimus'.

360 2787 461 2828 Inde
485 2787 652 2829 Coletos
677 2788 726 2829 de
748 2789 935 2842 pluribus
958 2790 1185 2840 codicibus,
1220 2790 1289 2843 qui
1313 2789 1420 2830 Tilio
1451 2788 1617 2842 praesto
1639 2787 1802 2829 fuerint.

306 2855 408 2896 falso
441 2856 649 2908 cogitasse
682 2869 814 2910 neque
845 2870 971 2898 unum
1005 2857 1265 2910 eundemque
1288 2870 1378 2899 esse
1401 2856 1652 2897 Vaticanum
1684 2867 1802 2896 suum
