1934 3278
290 231 372 273 110
938 227 1135 262 Luciferi

288 356 524 409 interficitis
554 356 808 396 uniuersos?
839 356 978 405 timor,
1009 354 1143 407 inquit
1175 354 1382 397 Salomon,
1416 354 1576 394 domini
1608 354 1781 395 initium

285 437 430 465 sensus
440 437 455 474 ,·
487 425 738 476 sapientiam
768 427 905 465 autem
936 427 971 464 et
992 424 1264 476 disciplinam
1286 424 1410 475 impii
1431 426 1645 475 spernunt.
1677 423 1770 463 hinc

289 493 552 546 disciplinam
587 493 627 533 et
658 493 903 545 sapientiam
937 492 1107 545 spernis
1156 493 1253 545 quia
1293 492 1349 533 sis
1392 492 1477 532 sine
1520 492 1584 532 dei
1623 492 1784 533 timore·

287 562 384 603 hinc
417 562 568 615 impius
594 575 683 603 esse
708 561 836 602 sacris
861 561 1107 602 describeris
1128 561 1293 611 litteris,
1326 562 1476 614 impius
1501 561 1656 614 utique,
1691 562 1787 614 quia

289 645 369 672 non
405 631 539 673 solum
570 631 658 684 ipse
692 630 925 672 deserueris
959 630 1094 679 deum,
1145 630 1218 671 sed
1259 630 1298 670 et
1339 630 1522 671 colentes
1552 630 1669 671 illum
1701 631 1787 671 tam

291 702 444 742 infeste
477 699 752 754 persequaris.
801 711 878 739 uae
909 699 999 748 tibi,
1033 699 1128 751 quia
1150 711 1244 739 cum
1266 699 1349 739 illis
1382 711 1471 740 esse
1492 699 1701 749 inueniris,
1737 698 1787 740 de

293 771 443 823 quibus
482 770 523 810 in
555 767 790 810 Prouerbiis
821 768 936 821 lego:
982 768 1059 821 fili,
1100 768 1188 808 noli
1227 771 1261 809 te
1299 768 1501 809 seducant
1538 768 1627 808 uiri
1667 768 1788 818 impii

292 853 422 892 neque
453 839 570 892 uelis,
604 838 640 878 si
672 840 707 878 te
738 837 983 890 royauerint
1003 837 1203 879 dicentes:
1233 838 1342 888 ueni,
1377 837 1634 878 communica
1657 837 1786 878 nobis-

291 921 386 949 cum
418 907 680 960 sanquinem,
714 905 1017 947 abscondamus
1056 908 1195 946 autem
1234 906 1281 946 in
1312 908 1428 946 terra
1457 907 1601 946 uirum
1632 906 1788 946 iustum

291 977 458 1029 iniuste,
500 975 779 1027 deylutiamus
818 976 954 1015 autem
985 973 1120 1024 illum,
1161 974 1276 1015 uelut
1304 974 1434 1025 inferi
1464 974 1625 1015 uiuum.
1690 975 1789 1028 quid

289 1046 332 1086 te
365 1044 632 1086 Arrianorum
663 1043 915 1084 Iudaeorum
945 1043 1202 1084 imitatorum
1226 1043 1524 1093 delectauerat‚
1559 1042 1788 1086 Constanti.

290 1114 338 1155 ut
359 1115 434 1155 has
456 1114 623 1154 illorum
644 1112 793 1165 impias
818 1112 988 1152 audiens
1009 1124 1136 1153 uoces
1161 1111 1213 1152 ad
1232 1112 1521 1153 effundendum
1545 1113 1789 1166 sanguinem

294 1184 361 1224 dei
395 1196 611 1225 seruorum
644 1181 795 1223 fuisses
821 1181 988 1222 eosdem
1013 1182 1212 1222 secutus?
1244 1194 1316 1222 cur
1337 1194 1416 1223 non
1439 1181 1613 1223 consilia
1636 1181 1790 1222 audisti

294 1252 528 1294 Salomonis
563 1251 740 1292 dicentis
770 1250 874 1291 tibi?
920 1264 971 1291 ne
992 1251 1146 1292 abieris
1166 1252 1263 1292 uias
1284 1264 1376 1292 cum
1399 1251 1498 1306 illis,
1530 1265 1581 1292 ne
1602 1251 1789 1292 declina-

292 1322 406 1363 ueris
431 1321 578 1373 pedem
609 1323 727 1361 tuum
758 1320 814 1360 ad
845 1320 1013 1360 semitas
1043 1333 1192 1361 eorum.
1254 1334 1340 1361 non
1377 1321 1487 1361 enim
1528 1321 1670 1373 inique
1702 1323 1790 1362 ten-

291 1391 454 1431 duntur
484 1390 594 1430 retia
623 1389 786 1448 auibus,
846 1389 932 1441 ipSi
962 1389 1073 1430 enim
1105 1389 1177 1441 qui
1208 1389 1425 1430 homicidii
1437 1389 1672 1442 participes
1694 1391 1793 1429 sunt

293 1459 584 1500 thesaurizant
603 1458 766 1498 sibimet
785 1457 890 1510 ipsis
920 1457 1049 1499 mala.
1111 1457 1189 1498 hae
1219 1461 1317 1498 sunt
1347 1458 1443 1498 uiae
1475 1458 1662 1498 omnium
1694 1471 1791 1498 con-

290 1528 597 1568 summantium
652 1527 836 1578 iniqua;
885 1539 964 1567 sua
1009 1527 1120 1567 enim
1172 1526 1385 1579 impietate
1430 1539 1551 1568 suam
1597 1526 1791 1567 animam

293 1596 505 1648 auferunt,
541 1596 581 1635 et
610 1595 780 1635 iterum:
813 1597 968 1647 quanto
990 1598 1165 1647 tempore
1185 1595 1422 1637 innocentes
1445 1595 1655 1636 tenuerint
1671 1595 1789 1636 iusti-

293 1666 412 1715 tiam,
431 1678 516 1705 non
538 1665 771 1706 erubescent
781 1676 797 1715 ;
819 1664 1066 1716 insipientes
1088 1667 1225 1705 autem
1242 1664 1342 1705 dum
1358 1665 1631 1706 contumeliae
1648 1664 1791 1717 cupidi

292 1736 405 1782 sunt,
452 1733 578 1786 impii
616 1733 721 1785 facti
759 1733 933 1774 oderunt
972 1732 1233 1784 intellectum,
1282 1736 1321 1773 et
1356 1733 1526 1774 subiecti
1555 1733 1661 1785 facti
1692 1735 1793 1773 sunt

295 1801 537 1855 obprobriis.
598 1801 644 1841 tu
681 1801 771 1850 tibi,
815 1801 1043 1850 Constanti,
1084 1802 1186 1842 haec
1229 1802 1429 1854 quaesisti
1469 1802 1706 1854 obprobria,
1745 1804 1790 1844 tu

294 1871 430 1912 temet
477 1869 698 1919 damnasti,
747 1869 815 1922 qui
860 1870 1084 1922 praecepta
1129 1870 1397 1911 contemnens
1446 1871 1510 1911 dei
1556 1872 1792 1913 maledictis

296 1939 550 1980 Iudaeorum
586 1937 800 1990 discipulis
832 1938 1002 1979 haerere
1036 1938 1246 1979 censueris
1278 1938 1476 1989 Arrianis,
1518 1952 1611 1980 cum
1645 1941 1792 1993 quibus

298 2008 421 2061 digne
456 2008 589 2049 adhuc
622 2008 724 2048 haec
759 2006 897 2048 audis:
931 2021 1033 2048 nam
1054 2008 1254 2060 quoniam
1276 2008 1486 2059 uocabant,
1519 2022 1592 2050 nec
1615 2009 1793 2051 obocdie-

296 2078 417 2131 batis‚
450 2079 488 2117 et
517 2077 781 2117 extendebam
811 2076 949 2128 uerba,
983 2090 1054 2118 nec
1087 2076 1383 2119 adtendebatis.
1417 2077 1486 2118 sed
1508 2078 1644 2118 inrita
1665 2078 1795 2131 facie-

297 2147 405 2187 batis
426 2160 519 2187 mea
536 2146 726 2195 consilia,
750 2146 851 2186 meis
867 2148 1006 2187 autem
1023 2146 1384 2198 increpationibus
1400 2159 1484 2187 non
1501 2147 1791 2188 intendebatis.

299 2215 439 2267 itaque
471 2217 510 2255 et
539 2228 607 2268 eqo
639 2217 779 2256 uestra
801 2215 1040 2268 perditione
1071 2215 1231 2265 ridebo‚·
1269 2215 1516 2269 gratulabor
1547 2219 1684 2257 autem
1716 2216 1794 2257 ad-

297 2297 444 2324 uersus
474 2297 560 2332 uos,
594 2297 686 2324 cum
717 2284 883 2325 uenerit
911 2283 1027 2325 uobis
1058 2285 1189 2325 subito
1219 2284 1435 2340 tumultus,
1469 2285 1626 2326 euersio
1657 2287 1795 2326 autem

297 2352 454 2393 similis
476 2353 699 2405 procellae,
734 2366 826 2394 cum
859 2353 1080 2394 aduenerit
1116 2356 1253 2395 autem
1292 2354 1408 2395 uobis
1448 2355 1657 2396 interitus.
1718 2354 1796 2395 erit

437 2443 453 2476 1
480 2442 580 2477 Prou.
608 2443 638 2482 1,
666 2443 683 2476 7
780 2444 798 2476 7
824 2443 870 2476 ib.
899 2443 929 2484 1,
957 2443 1091 2477 10—12
1195 2443 1237 2477 14
1262 2443 1308 2479 ib.
1336 2445 1365 2484 1,
1394 2444 1526 2478 15-19
1626 2444 1668 2478 19
1693 2443 1739 2478 ib.
1767 2444 1795 2487 1,

297 2501 352 2535 22.
379 2500 422 2534 23
515 2500 558 2533 25
584 2500 630 2534 ib.
657 2501 686 2542 1,
713 2500 846 2534 24-32

369 2580 389 2612 5
417 2581 451 2612 et
478 2579 534 2623 qui
561 2579 713 2613 colentes
740 2591 757 2614 v
895 2581 915 2614 6
941 2581 1114 2615 inuenires
1141 2593 1183 2615 m.
1210 2585 1228 2615 1
1370 2581 1388 2613 7
1413 2580 1590 2624 prouerbis
1616 2592 1661 2615 m.
1686 2585 1704 2615 1

300 2637 410 2671 nolite
443 2637 481 2675 V,
508 2647 576 2669 non
602 2638 636 2669 te
668 2637 701 2670 V
723 2648 767 2670 m.
792 2648 860 2672 rec.
885 2641 919 2671 et
947 2649 963 2671 υ
1086 2638 1106 2672 8
1129 2638 1215 2672 uelis
1247 2638 1280 2672 V
1300 2641 1333 2671 et
1358 2638 1483 2681 LXX,
1509 2638 1573 2672 sed
1601 2638 1797 2681 acquiescas

305 2696 337 2729 V
359 2706 387 2727 s.
414 2695 434 2728 l.
460 2706 505 2727 m.
530 2705 597 2727 rec.
625 2697 657 2727 et
684 2705 701 2727 v
797 2694 839 2727 14
863 2694 1058 2750 nenabieris
1082 2697 1121 2736 V,
1155 2705 1217 2729 nec
1243 2694 1368 2728 abieris
1394 2706 1413 2728 v
1515 2694 1557 2729 15
1582 2693 1707 2738 pedum
1761 2739 1775 2757 h

300 2763 342 2797 16
371 2762 479 2816 retiae
575 2762 615 2796 19
643 2741 778 2816 quando
806 2765 913 2806 (corr.
940 2775 983 2797 m.
1002 2765 1037 2807 1)
1133 2763 1176 2797 23
1202 2764 1465 2806 contempnens
1541 2762 1583 2795 25
1610 2764 1647 2796 at
1671 2763 1735 2796 huc
1761 2773 1799 2797 ec

299 2842 324 2885 (h
351 2854 393 2875 m.
411 2842 496 2884 rec.)
600 2843 643 2876 28
668 2824 783 2887 uestri}
810 2847 833 2884 (⁸
858 2855 902 2878 m.
928 2845 1012 2886 rec.)

1810 986 1841 1010 10

1811 1332 1842 1357 15

1810 1674 1842 1699 20

1813 2022 1845 2047 25

1815 2362 1847 2388 30
