1934 3278
281 211 360 253 128
935 206 1130 241 Luciferi

279 348 425 376 manus
467 334 519 375 ad
561 334 627 375 dei
658 332 969 386 inpugnandam
1002 332 1183 381 domum,
1225 331 1432 373 noluimus
1469 332 1610 372 tecum
1641 332 1779 373 idolo-

278 404 445 445 latriam
478 404 687 456 suscipere
718 402 759 442 in
792 401 1087 442 contumeliam
1121 401 1199 451 dei,
1233 401 1440 442 noluimus
1468 400 1686 453 sacrilegio
1708 401 1779 442 tuo

282 472 462 522 misceri,
510 485 559 512 ne
605 472 645 512 et
675 483 749 512 nos
789 469 932 511 audire
973 482 1229 510 mereremur
1267 470 1408 510 tecum
1447 469 1520 510 illa
1566 481 1670 523 quae
1712 482 1780 510 ore

283 541 417 582 Oseae
458 540 683 593 prophetae
724 538 894 579 audient
934 538 1186 588 sacerdotes,
1227 539 1402 591 populus
1447 539 1488 579 et
1525 551 1596 579 rex
1634 538 1778 588 Israel,

282 610 351 662 qui
382 609 520 650 cuncti
554 607 753 649 derelicto
777 607 853 648 deo
879 607 931 647 ad
951 607 1232 648 idololatriam
1256 620 1299 648 se
1322 607 1604 648 contulerant:
1637 607 1780 648 audite
1817 618 1833 644 5

283 678 382 719 haec
428 677 655 719 sacerdotes
701 679 740 717 et
784 676 996 717 adtendite
1035 676 1181 717 domus
1219 676 1369 730 Israel,
1418 678 1457 717 et
1491 676 1634 717 domus
1671 676 1780 728 reyis

286 746 511 788 intuemini
522 761 537 797 ‚·
576 745 632 786 ad
662 757 735 786 uos
767 747 826 786 cst
854 745 1072 797 iudicium,
1105 745 1208 797 quia
1238 747 1286 785 ut
1317 744 1511 797 laqueum
1548 744 1653 797 facti
1685 746 1781 786 estis

284 816 339 857 ad
379 815 587 856 insidiam
626 817 660 855 et
700 814 809 855 sicut
848 814 956 854 retia
994 817 1164 854 extensa
1202 814 1259 855 ad
1305 814 1527 855 auiarium
1566 814 1779 854 uenantis.

286 883 395 937 apud
417 883 545 924 Amos
567 882 811 935 prophetam
835 882 997 923 sciebas
1021 882 1165 935 utique
1189 882 1403 935 scriptum,
1437 881 1602 935 quaudo
1628 882 1781 924 dedisti

284 952 544 1004 disciplinam
578 951 811 1004 exemplum
835 950 1058 992 damnandi
1083 951 1245 992 scilicet
1269 951 1555 992 innocentem:
1589 951 1661 1003 qai
1682 952 1784 1004 fecit
1802 967 1835 992 10

284 1022 330 1062 in
360 1020 514 1062 excelso
544 1020 765 1069 iudicium,
798 1022 834 1060 et
864 1020 1074 1061 iustitiam
1105 1020 1153 1061 in
1186 1023 1298 1061 terra
1312 1020 1470 1072 posuit.
1507 1019 1573 1060 dei
1594 1019 1780 1060 iustitiae

283 1090 471 1139 uiolator⁷
504 1088 742 1130 Michaeam
772 1089 1014 1141 prophetam
1051 1088 1203 1130 dixisse
1236 1088 1438 1142 numquid
1476 1089 1698 1142 ignorabas
1732 1088 1781 1128 de

286 1158 533 1199 ludaeorum
563 1157 844 1210 principibus?
876 1172 962 1200 non
994 1158 1246 1199 leuauerant
1270 1159 1326 1199 ad
1348 1158 1470 1199 deum
1491 1170 1646 1199 manus
1667 1170 1782 1211 suas,

281 1230 316 1268 ct
347 1227 644 1280 concupiebant
675 1239 796 1280 ayros
826 1230 863 1268 ct
894 1227 1152 1279 diripiebant
1181 1226 1390 1279 orphanos
1422 1230 1457 1267 et
1479 1227 1647 1268 domum
1679 1226 1781 1278 eius,

283 1296 428 1336 uirum
459 1298 494 1336 et
524 1295 795 1337 hereditatem
826 1297 928 1338 eius.
981 1299 1158 1349 propter
1196 1296 1270 1338 hoc
1297 1296 1396 1337 haec
1426 1296 1528 1337 dicit
1563 1296 1835 1337 dominus:15

284 1377 368 1405 ecce
400 1377 469 1416 eqo
501 1377 693 1417 coynosco
724 1377 849 1417 super
871 1365 1031 1417 plebem
1061 1365 1189 1414 mala,
1222 1379 1271 1406 esc
1302 1365 1449 1417 quibus
1479 1379 1566 1406 non
1589 1365 1785 1406 levabitis

284 1433 463 1475 ceruices
493 1435 665 1474 uestras.
715 1433 789 1474 sed
819 1433 909 1482 tibi,
942 1446 1036 1475 cum
1068 1434 1325 1486 proscribere
1350 1434 1532 1486 digneris
1566 1434 1783 1488 deportare

284 1502 449 1542 mittere
481 1501 520 1541 in
545 1514 755 1542 carcerem
777 1502 984 1555 torquere,
1008 1504 1216 1555 postremo
1239 1503 1473 1544 interficere
1499 1504 1563 1545 dei
1588 1504 1783 1553 cultores,

286 1570 385 1611 nihil
416 1571 621 1611 malorum
652 1572 1061 1623 repraesentabitur?
1093 1572 1299 1613 noluimus
1322 1572 1489 1614 misceri
1514 1573 1676 1613 actibus
1700 1572 1782 1613 tuis

285 1639 486 1689 nefandis,
520 1652 568 1680 ne
600 1640 741 1680 tecum
774 1639 825 1680 ad
860 1640 1070 1681 aeternam
1104 1640 1289 1681 damnati
1320 1653 1495 1693 poenam
1526 1643 1629 1683 haec
1663 1642 1784 1682 audi-
1805 1652 1837 1677 20

285 1720 423 1748 remus
463 1720 568 1760 quae
611 1707 804 1748 dicuntur
845 1708 953 1761 apud
984 1709 1222 1750 Michaeam
1264 1723 1286 1750 a
1319 1710 1416 1751 deo:
1464 1711 1608 1752 audite
1646 1711 1786 1763 itaque

285 1776 398 1828 haec,
443 1777 674 1828 praepositi
711 1778 857 1818 domus
896 1777 1019 1819 Iacob
1058 1781 1094 1819 ct
1132 1779 1293 1820 residui
1330 1779 1477 1820 domus
1514 1780 1666 1832 Israel,
1714 1780 1786 1832 qui

288 1845 595 1885 abominamini
626 1845 832 1887 iudicium
863 1849 901 1887 et
931 1847 1076 1888 omnia
1106 1851 1217 1888 recta
1239 1848 1500 1900 peruertitis,
1532 1849 1606 1901 qui
1637 1849 1784 1901 aedifi-

288 1914 415 1954 castis
447 1913 554 1955 Sion
585 1916 621 1954 et
653 1913 921 1954 Hierusalem
945 1915 991 1955 in
1012 1916 1263 1969 sanquinem
1283 1916 1594 1968 iniquitatibus.
1627 1917 1786 1957 iudices

289 1983 376 2023 eius
408 1996 499 2024 cum
531 1984 775 2025 muneribus
806 1984 1055 2025 iudicabant
1075 1987 1112 2024 et
1132 1984 1360 2026 sacerdotes
1382 1985 1471 2025 eius
1493 1998 1585 2025 cum
1607 1986 1786 2027 mercede
1806 1993 1838 2019 25

289 2052 590 2104 respondebant
612 2055 649 2093 et
665 2053 893 2105 prophetae
909 2066 1002 2094 cum
1013 2054 1210 2105 pecuniis
1226 2053 1487 2094 diuinabant
1502 2056 1540 2094 et
1555 2054 1602 2094 in
1619 2054 1787 2094 domino

289 2121 597 2173 requiescebant
627 2121 832 2163 dicentes:
862 2122 1060 2163 dominus
1093 2123 1136 2162 ia
1167 2122 1286 2163 nobis
1319 2125 1390 2173 est,
1432 2125 1470 2163 et
1499 2136 1585 2163 non
1616 2124 1786 2163 uenient

293 2191 336 2230 in
367 2203 443 2231 nos
474 2190 602 2232 mala.
664 2203 741 2231 non
778 2190 943 2243 legeras
983 2189 1117 2230 adhuc
1160 2190 1268 2242 apud
1309 2190 1435 2231 istum
1477 2191 1786 2232 sanctissimum

290 2259 545 2312 prophetam,
579 2258 624 2299 ut
657 2258 843 2299 damnari
874 2258 1038 2299 iuberes
1071 2259 1205 2299 uirum
1248 2258 1324 2300 deo
1369 2259 1581 2301 dicatum?
1627 2261 1674 2300 in
1711 2275 1789 2313 quo

291 2328 623 2381 conprehendam
645 2328 878 2379 dominum,
912 2328 1136 2369 adsumam
1160 2329 1283 2369 deum
1315 2342 1450 2370 meum
1481 2329 1720 2371 ecccelsmn?
1750 2330 1788 2371 si
1808 2336 1842 2361 30

292 2397 627 2450 conprehendam
658 2411 750 2438 eum
790 2398 839 2438 in
870 2397 1126 2439 holocaustis
1167 2401 1243 2438 aut
1280 2399 1328 2438 in
1366 2398 1517 2438 uitalis
1556 2399 1787 2444 anniculis.

427 2500 445 2531 5
473 2499 528 2533 Os.
556 2500 585 2532 Γ).
614 2500 629 2532 1
763 2499 802 2532 10
828 2500 904 2532 Am.
931 2499 961 2534 ἴ).
991 2500 1008 2531 Τ
1139 2499 1179 2532 13
1205 2499 1307 2533 Mich.
1335 2500 1366 2539 ⁴2,
1396 2500 1482 2532 1—:3
1615 2499 1654 2533 21
1685 2500 1729 2534 ib.
1756 2500 1787 2535 3.

290 2557 398 2589 9—11
496 2556 538 2589 29
565 2556 610 2590 ib.
636 2557 667 2592 6.
696 2556 784 2589 6-8

363 2637 377 2669 l
408 2636 605 2670 idolatriam
699 2639 719 2671 4
746 2649 823 2671 osee
925 2638 944 2670 5
971 2639 1082 2672 concti
1108 2650 1150 2672 rm.
1181 2642 1195 2672 l
1305 2639 1322 2671 7
1349 2638 1491 2681 laqueus
1518 2639 1699 2672 Latinius

294 2705 335 2737 10
361 2707 513 2748 exemplo
539 2707 626 2748 fort.
737 2706 779 2739 12
804 2690 976 2740 mihaeam
1081 2706 1123 2739 13
1149 2706 1230 2739 iuda
1256 2708 1291 2739 et
1317 2717 1431 2740 eorum
1460 2719 1476 2740 z·
1503 2711 1536 2740 ct
1562 2708 1614 2741 sic
1639 2708 1792 2741 uidetur

301 2764 330 2796 V
352 2775 391 2796 m.
419 2774 486 2796 rec.
593 2764 634 2796 14
661 2763 798 2797 orfanos
892 2764 931 2797 ‘21
960 2763 1129 2797 micheam
1229 2763 1272 2796 24
1298 2764 1466 2807 sanguine
1493 2766 1527 2798 et
1552 2765 1587 2797 in
1613 2765 1701 2807 fort.

291 2820 334 2854 28
360 2823 444 2864 aput
469 2832 511 2854 m.
539 2824 555 2853 l
