1934 3278
276 306 391 336 XXVI

277 416 319 457 et
337 416 469 457 'Pilius
485 415 655 469 recepit,
680 427 803 456 sensu
821 414 956 463 caret;
979 414 1253 456 subtilissima
1272 426 1370 455 uero
1395 413 1551 467 sagitta
1569 412 1778 455 labanda—

276 485 375 538 gini,
407 497 487 537 quo
518 484 791 526 instrumento
822 483 1062 525 uastissimo
1087 483 1174 524 ictu
1197 484 1323 536 caput
1346 482 1591 533 excutiatur,
1626 481 1779 535 optime

278 554 507 607 opponitur.

335 634 557 676 Nominum
595 647 694 676 uero
737 646 858 674 casus
898 633 939 674 in
973 647 1070 675 -am
1102 647 1149 674 -o
1181 647 1257 675 -us
1288 646 1355 674 —os
1396 633 1563 686 propter
1601 630 1783 673 confusi-

282 715 400 744 onem
432 703 641 744 uocalium
675 714 780 755 quae
817 702 856 742 in
889 702 1223 754 pronuntiatione
1256 701 1414 743 saeculi
1444 714 1483 754 p.
1518 701 1612 743 Chr.
1646 699 1783 753 quarti

279 771 364 813 iam
401 771 486 812 late
517 770 700 824 patebat,
735 770 1023 822 deprauationi
1053 770 1232 812 maxime
1265 770 1460 812 obnoxios
1492 768 1620 810 fuisse
1651 769 1784 810 corri-

281 839 467 893 gentium
512 839 718 880 industria
764 851 869 892 quae
915 851 987 892 per
1037 839 1170 880 totam
1227 839 1537 880 adnotationem
1593 837 1783 878 criticam

288 908 532 949 obseruatur
574 907 708 957 docet,
743 920 867 960 quam
897 907 1037 949 tamen
1070 907 1291 949 nonnullae
1323 907 1439 949 labes
1481 906 1605 948 altius
1645 907 1785 947 tectae

286 977 492 1030 fugerunt,
525 976 642 1017 uelut
673 977 740 1026 41,
764 977 789 1017 8
820 989 1055 1030 coqnoscere
1086 977 1173 1017 iam
1196 977 1360 1029 poteris
1385 976 1514 1017 etia-m
1535 975 1787 1028 reprobatos

285 1047 395 1098 (-tus
425 1045 480 1097 V)
522 1059 549 1085 a
587 1045 767 1093 domino,
810 1045 937 1085 etiam
969 1045 1025 1086 ad
1055 1047 1270 1086 aeternam
1302 1044 1553 1085 destinatos
1587 1046 1697 1097 (-tus
1727 1044 1782 1095 V)

283 1116 451 1154 mortem
482 1113 556 1154 diu
586 1127 773 1166 reynarc.
820 1125 916 1154 nam
947 1125 1027 1154 non
1051 1112 1319 1154 Constantius
1352 1113 1544 1166 quamuis
1575 1126 1597 1153 a
1621 1112 1786 1153 domino

285 1182 529 1234 reprobatus
580 1193 830 1234 cognoscere
875 1194 997 1234 posse
1049 1181 1215 1223 dicitur.
1268 1181 1342 1223 sed
1390 1182 1489 1234 quid
1535 1193 1787 1234 cognoscere

285 1250 428 1303 possit,
463 1262 518 1290 sc.
554 1250 680 1290 etiam
724 1250 968 1302 peccatores
1002 1249 1072 1290 diu
1110 1262 1285 1303 regnare
1333 1263 1508 1303 seroque
1551 1263 1675 1303 saepe
1718 1262 1787 1291 eos

284 1331 459 1371 poenam
483 1318 692 1371 consequi,
727 1318 955 1371 exponitur.
983 1344 1031 1349 —
1056 1318 1149 1368 108,
1178 1320 1225 1360 17
1253 1322 1298 1360 ta
1323 1320 1432 1360 inter
1453 1320 1552 1361 istos
1573 1319 1785 1361 inimicos

287 1389 379 1441 (-us
410 1386 464 1439 V)
506 1400 545 1427 es
583 1387 746 1427 dommi
790 1388 1050 1430 constitutus,
1102 1387 1173 1428 isti
1218 1387 1326 1428 inter
1374 1400 1476 1441 quos
1516 1387 1787 1429 Constantius

287 1455 361 1506 est,
395 1455 593 1508 sequente
626 1455 854 1509 scripturae
885 1456 977 1498 loco
1017 1457 1184 1498 ‘manici
1223 1457 1384 1497 domim*
1426 1457 1700 1510 appellantur.
1732 1481 1787 1486 —

286 1523 381 1574 220,
417 1524 470 1565 14
500 1538 586 1565 non
619 1524 713 1565 lieet
743 1525 830 1577 tibi,
856 1525 1094 1579 Constanti,
1119 1526 1313 1566 Arriano
1345 1538 1438 1566 cum
1469 1526 1536 1567 dei
1567 1525 1790 1567 conuenire

277 1592 451 1646 populo,
493 1607 578 1634 ozon
617 1593 715 1634 lieet
742 1594 819 1635 tibi
851 1594 1116 1635 idololatriae
1146 1595 1366 1635 Arrianae
1397 1594 1581 1635 haeresis
1612 1595 1787 1648 auctori,

286 1664 475 1714 oze-(Jator
499 1665 612 1714 (—tar
634 1663 687 1713 V)
721 1663 841 1703 temet
872 1663 957 1714 filit
988 1662 1067 1715 dei,
1100 1663 1149 1704 (Ie
1171 1663 1238 1703 (leiv
1269 1662 1552 1704 sacerdotibus
1583 1662 1787 1714 iudicare,

284 1730 515 1784 sacrileyus
551 1733 714 1783 sinaeus
746 1737 780 1772 te
814 1731 1119 1780 Christianum,
1159 1745 1252 1772 cam
1290 1733 1348 1772 sis
1384 1731 1626 1773 antichristi
1657 1744 1788 1783 prae-

287 1812 441 1842 cursor.
493 1812 575 1839 una
614 1799 688 1840 illa
727 1799 914 1840 litterula
954 1800 1116 1840 mutata
1160 1800 1297 1841 omnia.
1337 1800 1377 1840 in
1416 1800 1477 1841 his
1517 1799 1656 1841 uerbis
1688 1812 1790 1841 sana

288 1868 384 1908 sunt
424 1881 530 1921 quae
571 1868 742 1921 grauius
779 1870 975 1922 corrupta
1004 1869 1239 1910 habuerunt
1269 1869 1486 1922 magisque
1519 1870 1790 1922 corruperunt

291 1936 421 1978 Tilius
462 1937 503 1977 et
542 1937 690 1986 Coleti,
733 1950 907 1990 quorum
945 1938 1016 1979 ille
1056 1939 1247 1991 neyatori
1277 1964 1331 1968 ——
1362 1937 1575 1991 sacrileyo,
1617 1938 1697 1988 hic,
1738 1951 1789 1978 ne

287 2005 540 2046 constructio
584 2005 905 2058 desideraretur,
946 2006 1147 2060 sacrileyo
1186 2007 1343 2060 sineere
1385 2006 1660 2059 scripserunt,
1711 2007 1788 2047 hoc

286 2074 378 2115 loco
409 2074 550 2115 tamen
582 2087 660 2116 non
699 2076 912 2129 uituperat
943 2075 1247 2126 Constantium,
1286 2075 1395 2128 quod
1428 2088 1470 2116 se
1502 2075 1634 2129 fingat
1667 2075 1789 2117 Chri-

290 2143 483 2193 stianum,
517 2143 590 2184 sed
624 2144 732 2196 quod
768 2144 819 2185 de
851 2145 1057 2186 catholico
1090 2145 1282 2198 episcopo
1313 2145 1499 2188 iudicare
1524 2144 1662 2194 audet,
1695 2157 1790 2186 cum

288 2211 524 2252 haereticus
557 2212 610 2252 sit
642 2213 710 2265 qui
743 2226 785 2254 se
810 2213 1091 2255 Christianum
1114 2213 1256 2266 fingat.
1310 2226 1456 2266 nempe
1488 2213 1790 2255 nominatiuum

286 2279 379 2320 loco
418 2280 601 2321 uocatiui
641 2282 845 2334 usurpari,
884 2283 929 2323 ut
960 2284 1026 2331 21,
1059 2283 1114 2324 23
1145 2284 1239 2335 quis
1269 2286 1326 2323 est
1355 2283 1456 2323 talis
1487 2284 1573 2324 nist
1604 2286 1649 2323 ta
1682 2282 1789 2324 Con-

288 2348 472 2388 stantius
517 2349 773 2400 imperator?
827 2350 920 2393 198,
960 2351 1012 2391 27
1055 2351 1096 2391 et
1135 2351 1313 2403 saepius,
1361 2363 1439 2392 non
1484 2351 1789 2391 intellexerunt.

291 2417 419 2457 semel
454 2417 545 2461 124,
569 2418 621 2458 2]
644 2418 731 2471 ipse
758 2419 932 2460 fortasse
954 2432 1077 2460 manu
1100 2432 1182 2461 rec.
1209 2420 1409 2473 deceptus
1439 2419 1658 2462 Constanti
1678 2419 1790 2462 male

289 2485 440 2537 recepi,
474 2486 543 2526 ubi
565 2486 600 2525 V
636 2487 820 2528 exhibet:
856 2489 1085 2542 (dominus)
1119 2502 1202 2530 ozon
1232 2492 1289 2530 est
1319 2491 1367 2530 at
1397 2491 1441 2529 ta
1472 2489 1550 2537 uis,
1585 2488 1791 2530 Constan-

292 2554 423 2604 tiam,
471 2559 676 2598 creatura.
738 2557 943 2597 contrario
990 2557 1092 2597 uitio
1137 2557 1357 2598 laborabat
1400 2556 1495 2602 256,
1543 2557 1595 2598 27
1642 2558 1792 2610 quique

294 2622 479 2661 omnium
519 2626 759 2664 scrutatur
799 2628 907 2678 (-tor
936 2625 990 2677 V)
1028 2626 1243 2679 ore'yinem.
1275 2650 1330 2655 ——
1363 2625 1429 2668 77.
1462 2625 1488 2665 2
1518 2625 1716 2681 scribc(t)
1755 2626 1793 2666 et

292 2689 664 2731 deuterononzizmn
703 2694 787 2744 ζ-ίο
811 2692 865 2745 V)
899 2694 971 2735 hoe
1003 2694 1051 2735 in
1084 2694 1189 2736 libro
1213 2694 1352 2748 (Dent.
1379 2694 1443 2743 17,
1470 2694 1520 2735 18
1543 2693 1614 2734 καὶ
1635 2697 1793 2748 γράψει

294 2759 411 2814 αὐτῷ
456 2760 503 2799 τὸ
551 2761 887 2815 ὃευτερονόμιον
933 2770 1062 2804 τοῦτο
1102 2765 1163 2812 εἰς
1199 2763 1399 2816 βιβλίον).
1452 2762 1544 2812 134,
1596 2763 1646 2803 12
1692 2776 1794 2815 quos

296 2827 430 2879 (deas)
462 2829 677 2878 praes-ems
708 2830 948 2881 futurorum
973 2846 1039 2873 ore
1063 2833 1353 2873 sanctissimo
1379 2833 1536 2885 (mmm
1559 2831 1614 2882 V>
1642 2831 1792 2872 Mala-

294 2893 412 2935 chiae
452 2898 782 2946 praeostenderit
823 2900 1063 2951 prophetae.
1118 2900 1211 2949 136,
1255 2899 1308 2940 23
1355 2899 1427 2951 qui
1473 2912 1604 2951 neque
1649 2900 1793 2939 omnia
