1934 3278
592 253 646 288 De
671 254 792 288 sancto
819 251 1014 288 Athanasio
1040 252 1129 287 liber
1151 252 1178 288 Ι.
1585 252 1641 295 85

133 381 231 434 fecit
262 393 335 422 uos
365 380 484 422 hodie
520 379 716 421 dominus
755 392 895 420 coram
931 378 1211 433 alieniqenis?
1271 378 1467 420 tollamus
1505 378 1640 432 iqitur

135 462 281 491 arcam
310 449 472 491 domini
502 448 570 489 dei
601 447 734 488 uestri
765 460 814 488 ex
839 446 974 497 Seleu,
1009 449 1048 488 et
1067 450 1184 489 exeat
1216 447 1262 489 in
1283 447 1417 489 medio
1446 449 1637 489 nostrum

133 521 170 558 et
200 516 390 558 liberabit
420 529 495 558 nos
535 517 583 558 de
612 515 808 557 manibus
839 515 1111 557 inimicorum
1141 518 1392 557 nostrorum.
1452 518 1491 557 et
1520 515 1639 557 misit

127 585 313 638 populus
351 585 407 626 ad
449 584 594 639 Selom,
640 586 679 625 et
715 584 978 625 sustulerunt
1021 583 1120 626 inde
1158 598 1302 626 arcam
1342 584 1518 639 domiui,
1566 583 1637 625 ubi

99 671 115 696 5
132 653 297 695 sedebat
319 652 546 696 Cherubin.
593 654 632 693 et
661 651 779 693 ambo
810 651 894 704 filu·
916 651 1017 693 Heli
1046 666 1140 693 cum
1161 665 1266 694 arca
1286 653 1354 695 dei
1374 653 1504 707 ibant,
1535 651 1636 704 Ofni

132 725 168 764 et
200 722 364 773 Finees,
406 723 447 762 et
476 720 603 762 infra:
635 723 987 774 expuqnauerunt
1015 720 1121 773 illos,
1152 724 1189 762 et
1219 721 1365 775 defecit
1396 722 1467 763 uir
1498 720 1635 763 Israel

132 805 159 831 a
197 793 415 843 conspectu
455 789 814 843 alieniqenarum,
856 792 892 830 et
929 788 1041 843 suqit
1081 791 1367 845 unusquisque
1407 791 1456 832 in
1496 790 1634 832 taber-

135 859 336 901 naculum
366 872 501 902 suum.
535 862 572 900 et
601 858 719 911 facta
749 861 807 900 est
823 858 958 912 plaqa
989 872 1148 913 maqua
1167 859 1307 913 ualde,
1340 862 1377 901 et
1398 859 1637 902 ceciderunt

133 942 182 970 ex
213 928 351 970 Israel
390 928 571 982 triqinta
608 926 733 968 milia
763 927 972 968 uirorum.
1037 930 1073 969 et
1105 941 1211 970 arca
1241 929 1307 970 dei
1336 932 1463 983 capta
1493 931 1565 981 est,
1598 930 1636 969 et

83 1014 116 1040 ιο
133 998 251 1039 ambo
280 997 364 1051 filii
395 997 495 1039 Heli
515 996 672 1039 mortui
693 998 804 1047 sunt,
837 996 879 1037 et
899 995 1025 1037 infra:
1058 999 1097 1038 et
1123 997 1195 1039 uir
1206 1010 1449 1051 properans
1464 996 1636 1039 accessit

133 1066 189 1108 ad
220 1065 321 1107 Heli
350 1065 540 1119 dixitque
569 1066 631 1110 ei:
667 1078 737 1119 eqo
767 1077 860 1106 sum
890 1065 964 1118 qui
993 1066 1093 1107 ueui
1123 1066 1173 1108 de
1202 1066 1355 1108 castris
1385 1065 1553 1120 fuqiens
1584 1064 1634 1106 de

132 1134 288 1187 proelio
319 1134 452 1176 hodie.
486 1136 525 1175 et
554 1134 668 1176 dixit
697 1133 818 1176 Heli:
847 1134 921 1186 qui
952 1146 1087 1175 sermo
1118 1134 1257 1187 factus
1287 1137 1358 1186 est,
1388 1133 1553 1188 filiole?
1598 1136 1635 1175 et

130 1203 345 1257 respondit
374 1203 446 1244 uir
475 1205 514 1244 et
533 1202 668 1244 dixit.-
697 1202 812 1257 fuqit
840 1202 912 1244 uir
931 1202 1072 1244 Israel
1102 1217 1129 1244 a
1148 1203 1259 1257 facie
1279 1202 1635 1258 alieuiqenamm,

130 1275 165 1313 et
195 1272 312 1325 facta
342 1274 400 1313 est
424 1271 560 1325 playa
590 1284 750 1325 magma
780 1271 830 1312 in
854 1271 1028 1326 populo,
1061 1273 1100 1313 et
1129 1271 1247 1313 ambo
1275 1272 1359 1326 filii
1389 1272 1454 1314 tui
1474 1271 1633 1314 mortui

80 1354 112 1380 15
129 1343 240 1392 sunt,
272 1343 308 1381 et
333 1352 439 1381 arca
469 1339 536 1381 dei
560 1342 687 1392 capta
717 1342 787 1380 est.
827 1341 864 1380 et
894 1339 1055 1392 factum
1086 1342 1147 1381 est
1174 1353 1267 1382 cum
1298 1341 1497 1394 audisset,
1529 1353 1634 1382 arca

129 1409 195 1451 dei
227 1412 354 1462 capta
384 1411 454 1457 est,
495 1407 643 1450 cecidit
672 1408 854 1460 supinus
883 1408 933 1450 de
962 1408 1069 1450 sella
1098 1409 1222 1450 iuxta
1246 1411 1432 1465 portam,
1472 1412 1509 1451 et
1539 1422 1633 1451 con-

129 1478 376 1521 tribulatum
409 1480 467 1519 est
497 1476 671 1519 dorsum
710 1476 811 1532 eius,
857 1478 895 1517 et
934 1479 1124 1518 mortuus
1160 1479 1231 1531 est,
1278 1478 1476 1531 quoniam
1507 1490 1633 1519 senex

128 1550 218 1589 erat
248 1550 284 1588 et
312 1547 463 1601 qrauis
483 1545 614 1597 homo,
647 1547 687 1587 et
715 1546 803 1597 ipse
831 1544 1047 1586 iudicabat
1079 1545 1126 1586 iu
1148 1543 1287 1587 Israel
1309 1546 1467 1599 uiqiuti
1488 1546 1630 1587 anuis.

130 1615 163 1656 si
203 1615 305 1656 haec
344 1614 457 1655 mala
493 1613 591 1655 Heli
631 1613 840 1655 sacerdoti
884 1613 926 1654 et
963 1612 1092 1654 iudici
1123 1613 1409 1655 Israelitarum
1449 1626 1530 1655 uno
1564 1613 1630 1654 die

76 1684 345 1733 muenerunt,
378 1683 599 1737 propterea
630 1683 741 1735 quod
772 1695 864 1732 non,
896 1682 944 1723 ut
974 1682 1111 1723 fuerat
1142 1681 1326 1735 dignum,
1367 1695 1465 1725 suos
1497 1682 1628 1724 casti-

128 1754 272 1806 gasset
302 1752 424 1801 filios,
458 1751 558 1805 quid
588 1751 664 1792 tibi
695 1751 907 1804 religionis
948 1750 1015 1792 dei
1057 1750 1306 1793 destructori
1349 1751 1483 1793 cernis
1524 1763 1629 1792 uen-

127 1822 280 1870 turum,
313 1820 392 1861 isto
424 1820 464 1860 in
494 1819 587 1861 loco
619 1818 879 1872 probandum
908 1818 985 1860 tibi
1017 1818 1172 1860 censui.
1207 1819 1317 1872 quod
1349 1820 1457 1861 enim
1490 1832 1538 1861 ex
1562 1818 1627 1861 dei

127 1889 269 1930 ueniat
300 1888 529 1938 uoluntate,
562 1889 608 1929 ut
639 1900 713 1930 nos
746 1888 833 1929 eius
865 1887 976 1929 serui
1008 1887 1262 1929 subiciamur
1281 1889 1408 1942 „uobis
1428 1901 1628 1942 persecu-

125 1959 284 2000 toribus
316 1958 488 2008 nostris,
535 1957 689 1999 dixisse
730 1969 808 1998 non
841 1956 1038 2010 negabis:
1084 1957 1171 1998 uisi
1209 1961 1358 1999 nostra
1392 1957 1507 2011 fides,
1555 1956 1629 1999 hoc

73 2038 107 2063 2⁵
126 2030 186 2068 est
222 2026 323 2068 haec
360 2040 467 2080 quae
505 2026 663 2068 dicitur
700 2040 729 2067 a
759 2025 958 2078 Lucifero
987 2025 1199 2081 Arriana‚
1231 2026 1378 2078 fuisset
1409 2025 1626 2076 catholica,

126 2109 355 2147 numquam
387 2096 434 2136 in
465 2107 604 2136 omnes
627 2094 766 2148 plebes
804 2095 1052 2147 accepissem
1076 2097 1333 2147 potestatem.
1395 2093 1429 2134 si
1458 2093 1517 2135 ita
1550 2094 1625 2142 est,

125 2164 260 2216 potuit
290 2165 331 2205 et
360 2163 526 2204 illorum
559 2163 849 2217 allophilorum
881 2163 950 2216 qui
985 2175 1122 2204 arcam
1156 2163 1354 2216 ceperant
1393 2162 1459 2204 dei
1499 2163 1626 2204 fuisse

124 2231 271 2273 melior
303 2244 426 2285 quam
460 2232 524 2274 est
555 2231 622 2273 dei
652 2231 872 2273 cultorum.

181 2300 275 2342 XII.
312 2300 373 2341 Tu
407 2300 512 2341 dicis
542 2299 670 2341 fidem
700 2300 831 2349 tuam,
864 2313 989 2354 quam
1029 2313 1103 2342 nos
1134 2300 1324 2342 nouimus
1355 2299 1624 2348 haereticam,

71 2369 201 2410 sohoo
233 2368 308 2409 tibi
340 2367 614 2421 praestitisse,
661 2368 736 2410 sed
777 2369 818 2410 et
854 2369 1106 2419 Maxentius,
1152 2369 1261 2410 Nero
1304 2369 1345 2409 et
1385 2368 1524 2409 cuncti
1563 2367 1625 2408 illi

124 2438 411 2490 persecutores
435 2436 582 2478 domus
605 2436 671 2477 dei
696 2436 887 2478 dixerunt
909 2437 1080 2478 deorum
1103 2449 1270 2478 suorum
1288 2436 1474 2489 potentia
1497 2435 1623 2477 fuisse

259 2596 281 2630 6
305 2595 320 2628 Ι
345 2595 429 2640 Reg.
453 2596 486 2636 4,
514 2596 566 2630 10.
593 2596 631 2629 11
730 2595 773 2629 10
798 2595 844 2630 ib.
869 2596 901 2635 4,
930 2595 1062 2630 16—18

193 2743 208 2776 1
237 2753 378 2787 quoram
396 2755 439 2778 m.
458 2747 476 2778 1
573 2743 615 2778 18
633 2720 706 2777 etss'e
799 2743 844 2776 24
861 2742 999 2787 dixisse]
1020 2745 1057 2776 te
1075 2743 1164 2777 add.
1182 2754 1201 2778 v
1293 2742 1338 2776 25
1357 2753 1444 2787 quae
1462 2753 1488 2776 s.
1508 2742 1529 2776 1.

122 2799 165 2833 26
191 2799 392 2843 accipissem
418 2811 462 2834 m.
488 2803 506 2833 1
600 2799 643 2833 27
670 2800 721 2834 ad
747 2799 988 2843 allophilorum
1014 2799 1143 2843 supple
1168 2798 1255 2832 fides
1349 2799 1416 2832 Dei
1442 2798 1624 2843 quisquam

121 2855 227 2890 fuisse
255 2855 375 2889 melior
400 2866 501 2900 quam
527 2858 581 2890 est
604 2855 671 2889 Dei
697 2856 816 2890 cultor.
843 2855 970 2900 Utique
996 2858 1036 2890 tu
1060 2867 1079 2890 i·
1172 2855 1216 2889 29
1242 2854 1461 2890 haeredicani
1486 2866 1530 2888 m.
1556 2857 1574 2888 1
