1934 3278
1571 256 1621 286 111

163 346 300 405 Longo
333 352 555 396 interuallo
585 356 746 408 primus
780 357 1001 402 Iacobus
1033 360 1358 416 Sirmondus,
1394 367 1454 409 vir
1477 368 1622 412 claris-

106 418 249 473 simuS,
283 423 499 464 uetustum
529 423 858 469 instructionum
891 430 1099 483 exemplar
1129 435 1276 476 nactus
1304 436 1348 476 in
1371 449 1417 478 ea
1439 439 1621 481 carmina

105 488 290 530 animum
322 490 502 532 intendit
533 495 574 534 et
605 493 648 535 in
680 494 857 538 editione
889 509 964 539 sua
996 499 1198 551 Ennodii‚
1232 515 1335 556 quae
1368 517 1475 548 anno
1510 507 1617 549 1611

105 566 251 598 excusa
282 561 365 608 est,
416 560 467 601 ad
498 560 600 603 duos
631 562 740 606 locos
775 564 1079 619 inlustrandos,
1130 571 1249 623 epist.
1280 571 1322 614 11
1357 573 1375 614 1
1411 575 1454 616 et
1484 574 1544 617 VI
1576 576 1624 618 9.

105 623 279 666 alterius
312 628 635 672 instructionum
667 631 764 674 libri
789 635 1045 678 acrostichon
1067 638 1229 680 XXVII
1251 640 1475 695 integrum,
1507 655 1619 686 acro-

103 691 229 734 stichi
252 694 414 737 XXXII
445 697 626 752 quinque
649 713 791 743 uersus
812 703 1029 758 allegauit.
1078 706 1195 749 Idem
1218 709 1309 751 siue
1331 710 1471 764 ipsum
1494 725 1614 766 quem

104 761 325 805 inuenerat
358 765 540 808 codicem
573 768 662 811 siue
694 772 934 826 apographa
966 775 1052 817 eius
1084 788 1179 818 cum
1211 778 1359 820 amicis
1391 779 1619 824 liberaliter

102 832 449 883 communicauit‚
498 837 628 887 unde,
675 841 721 880 ut
758 842 817 883 ait
849 842 1128 896 Rigaltius
1171 847 1212 888 iu
1254 848 1513 901 praefatione
1553 850 1618 892 in·

101 901 394 955 structiouum‚
419 902 741 949 Commodianus
766 908 962 965 ‘benigne
994 913 1125 966 excipi
1147 926 1195 956 ac
1217 915 1347 959 foueri
1371 919 1535 971 coepit.'
1570 920 1615 961 In

101 980 240 1010 eorum
272 971 502 1015 amicorum
535 987 707 1018 numero
738 977 819 1020 fuit
853 979 1134 1024 Gilbertus
1166 983 1502 1038 Gaulminus‚
1545 989 1615 1042 qui

100 1036 141 1078 in
165 1042 473 1093 commentario,
507 1056 630 1096 quem
653 1045 798 1088 libello
820 1048 1034 1092 Eustathii
1058 1051 1107 1093 de
1130 1051 1333 1096 Ismeniae
1356 1056 1398 1097 et
1428 1056 1614 1099 Ismenes

101 1106 311 1148 amoribus
353 1121 457 1151 anno
493 1111 603 1154 1618
635 1113 828 1157 Lutetiae
869 1117 1124 1161 Parisiorum
1168 1121 1219 1164 ab
1260 1122 1351 1176 ipso
1393 1125 1504 1167 edito
1543 1129 1616 1168 ad-

100 1173 257 1225 iunxit,
290 1177 465 1220 alterius
497 1180 821 1226 instructionum
852 1185 951 1227 libri
984 1188 1206 1231 acrostichi
1236 1190 1338 1233 XVI
1371 1205 1439 1234 sex
1472 1206 1615 1236 uersus

100 1242 231 1294 affert,
265 1258 365 1298 quos
397 1246 662 1303 descripsisse
694 1264 737 1293 se
763 1251 830 1295 ‘ex
863 1254 1001 1297 codice
1032 1256 1079 1298 P.
1113 1257 1339 1302 Sirmondi'
1373 1262 1487 1304 dicit.

156 1311 262 1354 Tum
305 1327 466 1370 quoque
508 1318 602 1371 plus
645 1320 821 1374 triginta
852 1323 951 1365 anni
996 1327 1323 1380 praeterierunt,
1370 1332 1612 1384 priusquam

98 1382 289 1424 uniuersa
329 1386 562 1428 acrosticha
601 1387 814 1432 Nicolai
855 1391 1090 1446 Rigaltii
1138 1407 1260 1449 opera
1306 1397 1464 1452 publici
1511 1401 1616 1443 iuris

97 1449 253 1494 fierent.
300 1451 428 1496 Cuius
459 1456 654 1510 editione,
687 1471 792 1512 quae
814 1473 920 1504 anno
947 1462 1084 1509 1649
1109 1465 1223 1507 Tulli
1246 1467 1480 1510 Leucorum
1503 1471 1614 1524 typis

97 1522 300 1574 exscripta
331 1526 405 1574 est,
440 1537 692 1579 quamquam
725 1531 897 1571 cautum
929 1535 1030 1582 erat,
1063 1546 1114 1574 ne
1146 1532 1431 1579 Commodiani
1464 1550 1614 1580 nomen

96 1601 238 1630 rursus
271 1590 481 1635 obliuione
512 1593 768 1648 obrueretur,
807 1600 947 1641 tamen
981 1601 1202 1644 etiamtum
1234 1616 1307 1656 per
1337 1607 1416 1647 duo
1449 1607 1613 1649 saecula

95 1658 204 1699 solae
221 1658 518 1703 instructiones
536 1663 625 1705 eius
644 1666 931 1719 noscebantur,
951 1681 1045 1710 cum
1063 1681 1169 1713 anno
1184 1671 1320 1718 1852
1339 1686 1362 1716 a
1379 1674 1400 1715 I
1411 1674 1539 1717 ohan
1553 1689 1577 1717 n
1592 1690 1613 1718 e

96 1726 345 1779 Baptista
386 1730 537 1773 Pitra
577 1733 618 1774 in
660 1734 795 1787 primo
837 1737 1053 1780 uolumine
1094 1740 1304 1795 spicilegii
1336 1742 1610 1787 Solesmensis

95 1806 260 1838 carmen
294 1798 454 1841 editum
486 1804 562 1851 est,
594 1805 701 1855 quod
734 1804 850 1846 nullo
883 1807 1064 1849 auctoris
1096 1809 1263 1852 nomine
1294 1810 1540 1866 inscriptum
1568 1815 1612 1856 in

95 1864 230 1908 codice
264 1868 443 1920 quodam
464 1869 741 1914 bibliothecae
764 1874 1127 1919 Mediomontanae
1149 1877 1238 1921 siue
1259 1879 1612 1925 Middlehillensis

111 1939 331 1988 numerat,
378 1938 597 1981 inuentum
643 1941 932 1996 descripserat.
995 1944 1112 1997 Quod
1151 1959 1318 1991 carmen
1357 1951 1455 2002 quia
1486 1951 1609 1993 homo

106 2004 372 2047 doctissimus
412 2007 582 2050 uidebat
619 2013 660 2051 et
699 2010 821 2053 rebus
860 2015 900 2054 et
942 2015 1077 2056 uerbis
1119 2019 1159 2057 et
1201 2029 1396 2059 uersuum
1452 2019 1611 2062 ratione

94 2072 249 2114 mirum
280 2077 487 2126 quantum
519 2089 614 2118 cum
645 2078 994 2123 instructionibus
1017 2081 1303 2127 Commodiani
1326 2098 1548 2140 congruere
1564 2087 1611 2141 ³),

93 2153 173 2182 non
218 2141 433 2185 dubitauit
471 2144 755 2190 Commodiani
802 2161 954 2191 nomen
994 2152 1031 2192 ei
1072 2165 1333 2206 praeponere.
1394 2156 1484 2198 Hoc
1516 2169 1607 2199 eum

93 2210 202 2253 iusto
235 2212 322 2253 iure
355 2213 500 2256 fecisse
533 2228 666 2269 neque
697 2217 840 2271 fugere
872 2232 1123 2274 quemquam
1154 2224 1309 2277 potest,
1342 2225 1412 2278 qui
1434 2227 1513 2268 duo
1535 2227 1610 2268 illa

93 2280 276 2322 carmina
307 2281 415 2323 inter
446 2296 488 2324 se
521 2288 842 2339 comparauerit,
890 2291 931 2330 et
970 2290 1196 2333 Adolfus
1239 2292 1394 2334 Ebert
1412 2292 1445 2346 ⁴)
1491 2297 1609 2336 nouis

94 2347 259 2401 insuper
289 2350 432 2392 allatis
465 2355 724 2406 argumentis
755 2360 895 2408 aperte
927 2357 1082 2403 docuit.
1138 2359 1226 2410 Quo
1260 2360 1419 2403 sactum
1451 2366 1528 2414 est,
1563 2370 1609 2405 ut

93 2415 387 2461 Commodiano
420 2424 483 2463 tot
514 2422 689 2464 saeculis
721 2423 952 2467 interiectis
975 2439 1049 2468 sua
1071 2428 1243 2470 tandem
1267 2431 1609 2473 restituerentur.

492 2548 563 2593 De
600 2549 824 2595 fontibus
858 2551 1214 2599 Commodiani.

152 2634 207 2675 Vt
255 2636 326 2678 alii
371 2638 591 2691 scriptores
639 2641 933 2695 ecclesiastici,
981 2644 1042 2685 ita
1083 2644 1405 2689 Commodianus
1447 2660 1607 2701 quoque

93 2703 245 2744 multas
285 2706 328 2746 et
369 2719 431 2748 res
472 2709 514 2748 et
560 2711 788 2751 sententias
829 2723 873 2751 ex
914 2712 1044 2753 sacris
1088 2713 1238 2755 litteris
1277 2717 1495 2758 mutuatus
1528 2719 1604 2759 est.

151 2807 172 2845 ⁴)
201 2806 322 2849 Spicil.
350 2783 496 2842 Solesm.
523 2810 591 2844 uol.
619 2811 634 2845 I
662 2812 793 2856 proleg.
822 2823 853 2856 p.
879 2812 1004 2848 XVIII
1032 2825 1084 2858 sq.

152 2862 172 2902 ⁴)
201 2862 224 2896 l.
249 2874 277 2897 c.
305 2875 335 2908 p.
360 2865 426 2898 414
453 2876 528 2910 sqq.
