1934 3278
310 233 390 275 212
968 230 1171 265 Luciferi

309 359 457 400 (lerunt
495 358 773 411 patriarchae,
822 369 895 397 cur
941 356 1091 397 beatus
1131 356 1287 397 Paulus
1335 369 1477 398 omnes
1526 357 1578 398 ad
1616 357 1811 400 Abrahae

306 426 723 480 conprehendendam
755 426 958 479 prouocat
989 425 1143 467 fidem?
1205 425 1280 466 sed
1310 424 1469 479 inquis:
1511 440 1579 481 eqo
1611 430 1648 469 te
1680 440 1811 482 aryao

306 510 381 538 car
410 495 597 537 insolens
630 496 700 550 sis,
737 508 811 536 cnr
841 495 1163 537 contameliosus
1194 495 1447 547 imperatori
1467 497 1674 547 extiteris;
1708 499 1746 538 et
1767 499 1812 538 ta

305 566 401 618 fidei
435 578 608 607 cansam
640 565 803 606 retexis.
860 563 960 604 fidei
992 563 1150 617 utique,
1190 564 1237 604 ut
1268 565 1439 617 probem
1477 564 1519 606 te
1554 577 1644 606 esse
1678 565 1811 606 sacri-

304 635 457 688 legum,
490 635 537 674 ut
567 635 739 687 probem
771 634 812 674 te
847 646 870 674 a
900 634 970 674 uia
1004 633 1262 675 deorbitasse
1295 633 1506 681 ueritatis3
1540 633 1635 674 hinc
1659 633 1810 675 contu-
1851 643 1866 666 ὅ

303 703 501 744 meliosus
527 703 602 743 tibi
626 702 784 752 uideor,
819 702 916 755 quia
940 701 1078 743 dicam
1099 702 1176 743 tibi
1200 702 1437 743 deseruisse
1459 701 1500 742 te
1523 701 1603 743 iter
1626 702 1810 743 omnium

305 772 370 812 <lei
405 771 613 812 cultorum
655 772 778 824 atque
819 770 1169 823 conprehendisse
1200 770 1319 810 illam
1352 782 1476 822 quam
1507 770 1731 811 tenuerunt
1764 783 1810 812 ac

304 841 398 881 sunt
430 840 621 881 tenentes
661 839 702 880 hi
750 839 819 892 qui
850 851 930 880 non
964 839 1054 888 deo,
1097 838 1172 879 sed
1208 838 1454 891 phantasiae
1497 839 1730 880 seruierunt
1765 852 1810 881 ac

305 910 400 950 sunt
434 909 676 950 seruientes.
740 908 789 949 de
828 908 870 948 te
908 907 1050 961 itaque
1092 920 1114 948 a
1156 907 1232 948 deo
1274 920 1340 948 me
1380 907 1578 949 recedere
1621 907 1812 949 suadenti

309 978 449 1030 accipe
485 977 584 1030 quid
617 977 799 1018 sanxerit
831 976 922 1018 fieri
956 977 1057 1017 deus
1080 988 1151 1029 per
1173 976 1343 1017 Mosen:
1376 977 1413 1017 si
1435 980 1573 1018 autem
1598 977 1814 1030 royaaerit
1834 986 1866 1010 10

309 1050 343 1087 tc
374 1047 510 1099 frater
541 1050 638 1088 taus
670 1059 719 1088 ex
746 1049 869 1098 pato-e
900 1046 967 1087 ‘ecel
999 1049 1133 1086 matre
1165 1048 1240 1087 aut
1260 1045 1377 1099 filius
1401 1048 1498 1087 taus
1522 1048 1598 1086 aut
1618 1045 1715 1099 filia
1735 1049 1814 1087 tua

304 1118 380 1156 ant
418 1115 571 1157 mulier
608 1128 714 1168 qaae
752 1116 799 1155 in
829 1115 988 1167 yrconio
1023 1117 1089 1154 tao
1120 1117 1179 1155 cst
1216 1116 1292 1155 aul
1332 1114 1496 1156 amicas
1535 1114 1608 1166 qai
1640 1114 1812 1156 animae

303 1188 398 1225 tuac
423 1197 514 1236 par
545 1187 616 1236 est,
652 1184 761 1225 clani
802 1183 964 1225 dicens:
1010 1196 1154 1224 eamus
1194 1185 1231 1223 ct
1270 1183 1511 1225 scraiamas
1551 1183 1618 1224 dis
1658 1182 1813 1225 alienis

303 1265 400 1306 quos
431 1253 566 1294 nescis
598 1266 672 1294 nec
710 1255 854 1305 palies
893 1252 969 1303 tui,
1016 1266 1065 1294 ex
1103 1252 1188 1293 diis
1221 1252 1446 1293 nationum
1486 1265 1591 1305 qaae
1630 1252 1745 1294 circa
1775 1255 1811 1293 te

300 1322 493 1374 proaeime
525 1324 599 1363 ant
634 1322 763 1375 lonyc,
797 1334 849 1363 ne
880 1321 987 1363 aclis
1018 1321 1081 1362 ire
1111 1333 1204 1363 cnm
1235 1320 1309 1362 illo
1341 1324 1376 1362 et
1408 1334 1459 1362 ne
1493 1320 1685 1362 audieris
1705 1334 1809 1372 eam,
1832 1335 1863 1359 15

299 1404 385 1432 non
423 1394 571 1443 parcet
611 1390 754 1431 oculas
792 1393 889 1432 {aas
930 1404 1056 1443 saper
1095 1404 1189 1432 euni
1229 1404 1301 1432 nec
1347 1390 1557 1433 salutabis
1603 1404 1696 1432 cani
1738 1404 1811 1432 nec

297 1459 455 1500 celabis
486 1473 593 1501 eam.
629 1460 898 1501 adnuntians
920 1460 1202 1501 adnuntiabis
1232 1459 1282 1501 cle
1304 1473 1358 1501 co.
1392 1473 1549 1502 manas
1569 1462 1665 1501 tuae
1687 1462 1811 1501 erant

304 1529 347 1569 in
379 1541 471 1569 eain
505 1528 554 1568 in
577 1528 740 1581 primis
779 1528 835 1570 ad
867 1528 1132 1570 occidendum
1171 1541 1261 1569 cani
1303 1531 1339 1570 et
1377 1542 1532 1570 manus
1568 1529 1717 1581 populi
1747 1529 1810 1570 tui

300 1598 343 1638 in
362 1597 608 1639 nouissimo.
641 1599 680 1638 el
696 1597 945 1649 lapidabitis
961 1597 1100 1649 illuni,
1120 1600 1155 1638 ct
1171 1597 1389 1649 morietur,
1410 1598 1613 1651 quoniam
1630 1597 1810 1650 quaesiit

298 1666 494 1707 absistere
527 1680 552 1707 a
584 1666 753 1707 domino
793 1667 866 1707 deo
901 1669 982 1707 tao.
1045 1666 1314 1720 praeceptum
1354 1667 1395 1707 te
1436 1665 1615 1707 interfici
1657 1666 1808 1719 quippe
1828 1677 1861 1702 20

301 1736 423 1776 deum
446 1748 512 1776 me
547 1735 837 1788 derelinquere
859 1735 1110 1776 inuitantem
1132 1735 1329 1788 ignorans
1353 1735 1478 1776 dicis:
1512 1735 1808 1777 contumeliam

298 1804 407 1845 mihi·
438 1805 547 1857 facit
576 1804 762 1858 Lucifer.
827 1804 897 1845 aut
928 1805 1100 1857 negabis
1132 1805 1174 1845 te
1208 1804 1260 1845 ad
1290 1804 1573 1845 idololatriam
1605 1804 1807 1845 inuitasse

300 1885 370 1914 nos
406 1873 746 1926 suscipiendam?
779 1873 811 1914 si
845 1885 990 1914 censes
1022 1874 1272 1926 negandum,
1315 1873 1564 1914 conuincent
1601 1873 1644 1914 te
1679 1885 1806 1926 expo-

298 1941 470 1983 sitiones
506 1942 647 1982 sectae
678 1942 776 1982 tuae
810 1941 1112 1994 episcoporum,
1154 1941 1573 1994 conblasphemorum
1605 1941 1807 1983 uidelicet

296 2012 486 2058 tuorum;
535 2011 784 2052 conuincent
823 2011 865 2051 te
904 2011 1038 2052 libelli
1076 2010 1243 2052 recitati
1284 2023 1307 2051 a
1346 2010 1388 2052 te
1431 2023 1476 2051 ac
1521 2010 1607 2050 dati
1647 2011 1805 2051 Romae
1825 2028 1857 2053 25

298 2079 503 2132 episcopis
547 2080 672 2120 etiam
716 2079 935 2121 catholicis
977 2080 1029 2120 ad
1060 2081 1137 2121 hoc
1170 2079 1383 2129 uidelicet,
1424 2080 1469 2120 ut
1502 2079 1611 2121 omni
1642 2079 1683 2120 in
1713 2079 1805 2120 loco

296 2149 369 2188 tua
399 2149 585 2189 roborari
616 2149 757 2201 posset
788 2148 1060 2201 blasphemia.

354 2218 428 2258 lll.
465 2217 578 2269 Quas
610 2217 832 2258 incurreris
856 2230 1041 2259 errorum
1073 2217 1266 2259 tenebras
1299 2230 1378 2258 non
1401 2217 1559 2259 sentis?
1591 2230 1669 2258 non
1702 2229 1803 2258 con-

295 2286 420 2338 spicis
444 2299 523 2339 quo
541 2286 674 2339 possis
696 2286 830 2339 perire
852 2285 1004 2327 modo?
1029 2285 1193 2339 quando
1216 2285 1375 2336 uideas,
1401 2298 1473 2327 cur
1495 2286 1639 2327 contra
1663 2285 1804 2326 diuina

297 2354 441 2395 lecerit
472 2354 630 2395 monita
662 2355 800 2395 Achai·
832 2366 937 2395 unus
971 2367 991 2396 e
1022 2354 1187 2407 populo,
1232 2366 1304 2395 cur
1334 2354 1443 2396 furto
1477 2354 1720 2395 abstulisset
1753 2354 1802 2394 ab
1821 2371 1854 2395 30

298 2423 492 2465 Hiericho
513 2424 670 2465 certam
693 2423 854 2476 partem
872 2424 1003 2465 uestis
1025 2424 1185 2477 argenti
1206 2424 1390 2476 aurique,
1419 2423 1580 2479 <quod>
1602 2423 1660 2464 sic
1678 2423 1802 2465 fuerit

435 2560 475 2592 10
502 2560 606 2594 Dent.
635 2560 687 2601 13,
717 2561 827 2594 0—10

363 2684 380 2716 4
411 2685 529 2728 itaque
556 2696 574 2718 r
702 2685 722 2718 S
750 2684 924 2719 fantasiae
1052 2685 1093 2718 10
1120 2685 1292 2719 sancxerit-
1394 2685 1434 2718 13
1461 2683 1526 2717 diis
1551 2695 1570 2718 v
1673 2684 1714 2717 15
1741 2685 1801 2717 aut

294 2742 444 2784 proxime
464 2744 524 2775 aut
538 2754 557 2776 r
651 2742 695 2775 20
714 2742 882 2776 absistere
901 2744 937 2776 te
955 2741 1183 2777 Gallandias
1276 2743 1497 2785 praeceptum
1516 2752 1590 2775 esse
1612 2740 1706 2775 Gall.

293 2798 335 2831 25
362 2797 454 2832 datis
594 2799 633 2832 31
663 2799 754 2843 quod
780 2800 919 2834 addidi·
944 2803 978 2834 et
1005 2799 1267 2844 1ιἠὒεννοροι71ιῖἰί
1293 2799 1439 2844 siquam
1460 2810 1499 2843 p.
1525 2801 1596 2833 213
1623 2798 1643 2834 l.
1669 2801 1688 2833 1
1711 2801 1797 2842 post

291 2866 357 2890 non
383 2857 551 2899 conspicis
578 2877 623 2880 —
649 2857 761 2898 modo,
791 2857 926 2901 quando
952 2877 997 2882 —-
1022 2859 1131 2891 morte
1158 2856 1297 2891 sustuli
