1934 3278
492 248 549 283 De
575 259 644 283 non
672 248 845 293 parcendo
869 250 907 283 in
932 247 1034 283 deum
1059 247 1352 293 delinquentibus.
1596 249 1679 292 253

175 381 301 421 tatem
322 377 587 430 lapidabant.
621 376 678 418 sic
711 376 757 417 tu
789 375 914 418 corde
946 375 1140 426 fremens,
1176 375 1369 417 dentibus
1402 375 1583 418 stridens
1616 375 1673 417 sis

177 446 399 489 aduersum
436 458 511 487 nos
549 445 663 487 nulla
704 445 787 487 alia
827 445 878 487 de
916 457 984 494 re,
1036 445 1114 486 nisi
1157 445 1254 499 quia
1295 445 1336 486 te
1368 445 1680 498 persecutorem

175 515 365 557 dieamus
404 514 471 556 dei
511 513 678 565 domus,
725 514 804 556 nisi
847 514 944 568 quia
987 513 1293 556 destructorem
1337 512 1404 555 dei
1448 513 1678 567 religionis,

175 584 273 638 quia
312 584 494 625 fusorem
536 583 749 637 sanguinis
792 595 1007 625 seruorum
1050 582 1228 635 Christi,
1284 583 1382 636 quia
1427 582 1680 635 sacrilegum

142 666 158 692 ⁵
173 653 411 695 uocitemus
431 652 554 702 iuste,
589 652 739 706 quippe
761 652 1053 705 blasphemum
1074 651 1346 702 haereticum,
1381 651 1531 705 quippe
1554 650 1681 692 fidem

176 721 449 775 apostolicam
483 721 854 774 euangelicamque
888 720 1207 774 expugnantem.
1259 732 1337 762 non
1375 719 1552 761 facimus
1591 731 1680 761 rem

176 790 254 832 deo
287 790 506 839 odibilem,
554 790 588 831 si
619 789 696 831 tibi
726 789 807 831 isto
839 789 964 831 modo
997 801 1077 842 quo
1115 789 1257 831 tecum
1300 788 1465 831 conlido
1509 789 1680 842 agentes

177 858 288 912 quod
333 859 375 900 te
422 870 513 900 esse
560 857 846 911 intellegimus
895 856 1096 899 dieamus.
1148 857 1384 899 inuenimus
1426 857 1580 899 etenim
1622 857 1679 898 sio

176 927 313 980 egisse
350 926 479 976 tales,
529 926 665 980 qualis
697 926 754 967 sis
783 926 851 975 tu,
899 926 1043 967 contra
1080 925 1297 979 gloriosos.
1350 925 1681 967 deseruientibus

126 999 315 1038 mantem
360 995 476 1047 illis,
526 994 627 1036 dicit
671 994 890 1048 scriptura,
937 997 974 1036 et
1018 995 1309 1036 ieiunantibus
1354 995 1524 1036 domino
1569 995 1680 1037 dixit

174 1066 352 1118 spiritus
371 1068 567 1107 sanctus:
597 1067 804 1118 seyreyate
825 1063 931 1105 mihi
953 1063 1208 1106 Barnabam
1229 1067 1265 1105 et
1288 1063 1470 1107 Saulum
1492 1064 1540 1105 in
1562 1076 1681 1119 opus,

174 1135 232 1176 ad
262 1135 371 1188 quod
401 1134 556 1176 uocaui
587 1146 666 1175 eos.
718 1135 817 1174 tunc
848 1132 1090 1175 ieiunantes
1127 1135 1166 1174 et
1203 1135 1368 1174 orantes
1399 1133 1681 1186 inposuerunt

175 1203 236 1244 eis
265 1215 419 1244 manus
451 1205 490 1244 et
517 1203 773 1244 dimiserunt
803 1214 878 1242 eos.
912 1207 950 1243 et
979 1201 1050 1243 illi
1080 1201 1249 1255 quidem
1279 1201 1448 1243 dimissi
1478 1215 1506 1243 a
1536 1204 1680 1244 sancto

175 1272 335 1325 spiri-tu
374 1271 672 1313 descenderunt
711 1270 945 1314 Seleuciam
991 1273 1028 1312 et
1068 1271 1194 1313 illinc
1232 1271 1553 1324 nauiqauerunt
1597 1269 1678 1325 Cy-

129 1351 159 1376 15
170 1354 313 1394 prum.
337 1343 374 1382 et
393 1354 488 1383 cum
504 1341 717 1382 uenissent
735 1339 977 1391 Salamina,
992 1339 1304 1392 praedicabant
1325 1339 1498 1381 uerbum
1519 1339 1682 1382 domini

176 1410 224 1451 in
264 1409 489 1464 synayoqis
519 1409 791 1451 Iudaeorum.
842 1407 1049 1449 habebant
1091 1410 1231 1449 autem
1272 1407 1507 1450 Iohannem
1546 1409 1679 1450 mini-

175 1482 321 1528 strum,
354 1481 391 1519 et
421 1491 515 1519 cum
538 1477 909 1531 perambulassent
937 1477 1187 1519 uniuersam
1216 1476 1408 1519 insulam
1437 1491 1566 1530 usque
1587 1476 1677 1519 Pa-

175 1547 281 1600 fum,
314 1548 572 1588 inuenerunt
600 1546 824 1599 quemdam
854 1546 998 1587 uirum
1022 1545 1435 1598 pseudoprophetam
1456 1546 1681 1591 Iudaeum,

177 1617 247 1658 cui
277 1628 427 1657 nomen
457 1618 547 1657 erat
579 1614 865 1667 Bariesuban,
899 1616 1007 1668 quod
1037 1615 1347 1668 interpretatur
1370 1615 1576 1667 Paratus,
1610 1617 1685 1669 qui

126 1692 160 1717 20
177 1688 270 1727 erat
300 1697 393 1726 cum
421 1684 674 1738 proconsule
705 1683 852 1738 Seryio
885 1683 1039 1726 Paullo
1069 1684 1165 1725 uiro
1196 1684 1431 1738 prudente;
1475 1685 1550 1738 qui
1588 1698 1682 1727 cum

177 1753 422 1795 aduocasset
452 1752 709 1794 Barnabam
739 1756 776 1794 et
807 1753 1012 1807 Saulum‚
1059 1752 1283 1805 quaerebat
1323 1753 1474 1795 audire
1509 1753 1683 1796 uerbum

177 1822 257 1864 dei.
290 1822 504 1864 resistebat
535 1824 675 1863 autem
707 1821 775 1863 illi
805 1821 1006 1863 Etoemus
1037 1834 1187 1875 mayus
1222 1822 1298 1875 (sic
1330 1822 1442 1864 enim
1473 1823 1680 1877 interpre-

176 1893 313 1932 tatum
332 1890 492 1933 dicitur
511 1902 663 1931 nomen
687 1890 811 1943 eius),
843 1891 916 1943 qui
937 1890 1158 1943 quaerebat
1179 1893 1368 1932 auertere
1383 1892 1682 1944 proconsulem

177 1973 205 2001 a
235 1959 327 2013 fide.
370 1959 530 2001 Saulus
560 1961 701 2001 autem
731 1959 806 2012 qui
835 1958 1008 2001 Paulus
1037 1959 1218 2013 repletus
1247 1960 1405 2013 spiritu
1436 1964 1582 2003 sancto
1613 1962 1682 2003 in-

128 2039 161 2065 25
178 2029 350 2071 tendens
387 2029 436 2070 in
474 2042 567 2070 eum
608 2028 695 2070 ait:
738 2040 760 2069 ο
790 2027 920 2081 plene
958 2029 1074 2070 omni
1113 2029 1205 2071 dolo
1244 2031 1281 2070 et
1314 2029 1519 2085 fallacia,
1565 2029 1684 2083 filius

178 2097 355 2152 diaboli,
397 2098 570 2139 inimice
600 2097 736 2139 omnis
767 2097 974 2149 iustitiae,
1017 2110 1104 2139 non
1134 2098 1294 2139 desinis
1317 2101 1555 2150 peruertere
1585 2100 1684 2141 uias

179 2167 342 2209 domini
371 2169 516 2208 rectas.
567 2169 603 2207 et
633 2178 748 2207 nunc
778 2179 863 2207 ecce
893 2178 1049 2207 manus
1084 2166 1249 2207 domini
1287 2166 1515 2209 aduersum
1547 2170 1605 2219 te,
1647 2171 1683 2208 et

180 2236 261 2278 eris
292 2247 439 2277 caecus
468 2247 555 2276 non
584 2233 738 2276 uidens
766 2233 894 2276 solem
923 2247 1052 2288 usque
1092 2234 1149 2276 ad
1181 2236 1354 2287 tempus.
1408 2237 1448 2277 et
1477 2236 1684 2289 protinus

181 2304 329 2346 cecidit
357 2316 486 2356 super
515 2316 608 2344 eum
640 2303 775 2356 cali90
806 2305 846 2344 et
873 2302 1073 2353 tenebrae,
1111 2305 1148 2344 et
1179 2303 1429 2345 circumiens
1459 2304 1685 2358 quaerebat

130 2383 163 2408 ³0
180 2373 254 2426 qui
290 2386 333 2415 se
372 2373 430 2414 ad
467 2385 646 2413 manum
683 2371 915 2414 deduceret.
967 2372 1120 2413 uidens
1151 2375 1290 2414 autem
1315 2373 1547 2425 proconsul
1576 2373 1683 2426 quod

181 2443 273 2482 erat
311 2440 495 2493 factum,
542 2439 721 2481 credidit
758 2452 852 2481 cum
890 2439 1175 2481 admiratione
1210 2442 1382 2493 stupens
1412 2441 1459 2481 in
1489 2440 1684 2483 doctrina

317 2601 337 2634 9
363 2600 440 2634 Act.
468 2600 521 2640 13,
547 2600 659 2634 2—12

251 2748 271 2781 5
298 2759 459 2783 uocemue
492 2761 512 2782 i·
652 2750 671 2783 7
705 2749 795 2794 quod
935 2749 955 2783 9
982 2749 1100 2793 quales
1133 2761 1177 2784 m.
1203 2753 1221 2784 1
1362 2751 1548 2795 gloriosum
1575 2764 1594 2786 v

185 2805 226 2839 10
251 2811 349 2839 saera
373 2806 542 2851 scriptura
567 2818 587 2840 υ
682 2807 724 2840 14
748 2806 820 2840 illic
838 2817 858 2841 υ
953 2806 994 2839 17
1019 2806 1297 2850 perambulasset
1321 2819 1364 2842 m..
1393 2811 1411 2842 1
1506 2809 1549 2842 19
1573 2808 1683 2843 barie-

183 2861 305 2896 subam
336 2863 375 2902 V,
400 2862 545 2898 Bariesu
570 2865 663 2898 coni.
692 2864 872 2898 Latinius
966 2863 1010 2897 22
1035 2863 1241 2898 ressistebat
1335 2875 1481 2911 magnus
1505 2877 1525 2901 v
