1934 3278
445 234 500 268 De
525 245 595 269 non
620 233 793 279 parcendo
818 235 855 268 in
880 234 982 270 deum
1008 235 1304 280 delinquentibus.
1537 238 1621 281 283

121 374 218 402 uero
258 360 305 401 in
341 361 534 414 proximo
573 365 875 404 concurrerant
913 363 961 403 in
991 362 1184 415 speculas
1213 366 1249 404 et
1282 364 1459 405 latenter
1489 365 1619 417 septi-

120 442 235 470 mum
265 429 375 470 diem
406 429 678 471 celebrabant.
730 429 840 482 quod
870 443 964 472 cum
995 430 1235 472 indicatum
1265 434 1378 482 esset,
1419 432 1617 485 sufflam-

119 497 226 538 mati
265 500 384 549 sunt,
428 511 471 539 eo
510 498 619 550 quod
658 501 887 540 metuerent
915 499 963 540 in
994 499 1060 540 dic
1090 498 1268 540 solemni
1295 499 1479 552 yloriosa
1509 500 1619 553 ferre

119 564 200 607 sibi
222 566 405 609 auxilia.
439 566 539 619 quid
561 579 706 608 censes
738 567 969 626 oportuisse
1001 567 1138 608 facere
1170 567 1268 609 tunc
1301 568 1483 610 cultores
1516 568 1618 610 dei?

88 634 196 677 sdeo
230 636 468 689 oportuerat
500 648 550 677 an
582 636 787 678 Antiocho
819 636 1098 690 placendum?
1149 636 1183 678 si
1219 636 1315 678 illos
1354 649 1434 678 non
1471 649 1618 678 censes

118 704 323 746 Antiocho
355 704 521 757 placere
554 705 806 758 oportuisse,
853 717 926 746 nec
960 717 1032 746 nos
1063 704 1206 758 utique
1238 705 1336 755 tibi,
1369 704 1468 758 quia
1500 705 1541 746 et
1571 705 1617 746 tu

121 773 202 814 alio
233 773 335 814 licet
365 773 501 823 modo,
534 774 674 815 tamen
707 786 780 815 nos
813 774 869 815 sis
901 774 1072 827 cupiens
1102 773 1250 815 tollere
1285 785 1308 814 a
1340 773 1416 815 deo
1450 773 1492 814 et
1521 773 1617 814 iun-

116 853 216 895 gere
257 842 444 891 diabolo,
493 842 540 883 ut
576 842 648 883 ille
687 842 869 884 uoluerit
906 842 1014 884 illos.
1066 842 1157 895 ipsa
1195 854 1268 895 per
1305 842 1349 883 te
1389 841 1618 883 crudelitas

116 911 294 965 geritur3
329 911 385 952 sic
417 924 568 953 saeuus
601 912 725 964 atque
756 911 891 952 inicus
921 911 961 952 in
996 923 1065 952 eos
1097 910 1166 964 qui
1195 910 1267 951 tuo
1289 909 1453 952 funesto
1477 910 1616 951 edicto

65 988 98 1013 10
115 980 328 1022 resistunt.
368 980 559 1033 superest
587 980 728 1033 igitur,
762 980 808 1021 ut
840 980 903 1021 est
935 992 1059 1033 saepe
1093 979 1264 1029 dictum,
1301 979 1443 1021 doleas
1472 979 1515 1020 te
1548 991 1616 1020 er-

114 1060 231 1090 rasse
276 1060 587 1101 agnoscensque
633 1049 675 1089 te
717 1061 809 1090 esse
854 1048 1108 1090 homicidam
1157 1049 1280 1101 atque
1325 1048 1616 1101 blasphemum

114 1117 259 1166 temet,
293 1116 480 1158 desertor
513 1117 592 1167 dei,
632 1117 923 1170 repraesentes
956 1116 1109 1166 domui,
1152 1116 1332 1169 alioquin
1363 1117 1409 1157 tu
1441 1116 1515 1158 tibi
1548 1116 1615 1157 in-

115 1185 358 1239 putaturus,
399 1197 494 1226 cum
533 1185 576 1226 te
614 1185 758 1227 uidere
800 1184 986 1238 coeperis
1027 1184 1113 1226 illic
1155 1197 1246 1226 esse
1278 1184 1347 1226 ubi
1380 1197 1487 1226 nunc
1521 1184 1618 1226 sunt

117 1253 257 1295 cuncti
287 1254 347 1295 illi
381 1253 620 1308 contyranni
650 1253 724 1295 tui.

183 1402 200 1435 1
229 1401 410 1446 speluncas
435 1402 522 1444 fort.
618 1401 660 1435 12
687 1400 753 1442 dei,
780 1401 836 1435 dei
861 1401 949 1444 fort.
1044 1411 1215 1436 nxpmcrr
1242 1411 1288 1435 nn
1314 1410 1393 1435 NON
1420 1389 1614 1435 mmmm&

116 1481 159 1505 ΙΝ
185 1460 238 1505 Ἠλῖ
272 1480 570 1508 DELINQCENTrm
606 1480 749 1504 INCIPIT
775 1479 1006 1505 MORIUNDCM
1034 1479 1116 1503 Esse
1144 1479 1214 1504 PRO
1241 1459 1279 1505 D⁴1
1304 1479 1403 1505 FILIO
