<?xml version="1.0" encoding="UTF-8"?>
<!DOCTYPE html PUBLIC "-//W3C//DTD XHTML 1.0 Transitional//EN"
    "http://www.w3.org/TR/xhtml1/DTD/xhtml1-transitional.dtd">
<html xmlns="http://www.w3.org/1999/xhtml" xml:lang="en" lang="en">
 <head>
  <title>
</title>
<meta http-equiv="Content-Type" content="text/html;charset=utf-8" />
  <meta name='ocr-system' content='tesseract 3.04.00' />
  <meta name='ocr-capabilities' content='ocr_page ocr_carea ocr_par ocr_line ocrx_word'/>
</head>
<body>
  <div class='ocr_page' id='page_1' title='image "./corpusscriptorum14luciuoft_0074.png"; bbox 0 0 1934 3278; ppageno 0'>
   <div class='ocr_carea' id='block_1_1' title="bbox 268 227 1120 273">
    <p class='ocr_par' dir='ltr' id='par_1_1' title="bbox 268 227 1120 273">
     <span class='ocr_line' id='line_1_1' title="bbox 268 227 1120 273; baseline -0.014 0"><span class='ocrx_word' id='word_1_1' title='bbox 268 231 324 273; x_wconf 81' lang='grc'>22</span> <span class='ocrx_word' id='word_1_2' title='bbox 924 227 1120 262; x_wconf 83' lang='lat' dir='ltr'>Luciferi</span> 
     </span>
    </p>
   </div>
   <div class='ocr_carea' id='block_1_2' title="bbox 270 353 1787 2404">
    <p class='ocr_par' dir='ltr' id='par_1_2' title="bbox 270 353 1787 2404">
     <span class='ocr_line' id='line_1_2' title="bbox 271 353 1776 406; baseline -0.003 -7"><span class='ocrx_word' id='word_1_3' title='bbox 271 357 378 399; x_wconf 87' lang='lat' dir='ltr'>itum</span> <span class='ocrx_word' id='word_1_4' title='bbox 410 356 546 398; x_wconf 75' lang='lat' dir='ltr'><strong>fecisti</strong></span> <span class='ocrx_word' id='word_1_5' title='bbox 579 356 631 397; x_wconf 88' lang='lat' dir='ltr'>ad</span> <span class='ocrx_word' id='word_1_6' title='bbox 664 355 818 397; x_wconf 85' lang='lat' dir='ltr'>diaboli</span> <span class='ocrx_word' id='word_1_7' title='bbox 853 354 1050 396; x_wconf 75' lang='lat' dir='ltr'>domum?</span> <span class='ocrx_word' id='word_1_8' title='bbox 1097 367 1175 396; x_wconf 91' lang='lat' dir='ltr'>non</span> <span class='ocrx_word' id='word_1_9' title='bbox 1201 353 1434 406; x_wconf 87' lang='lat' dir='ltr'>delegimus</span> <span class='ocrx_word' id='word_1_10' title='bbox 1458 354 1617 405; x_wconf 80' lang='lat' dir='ltr'>ardere,</span> <span class='ocrx_word' id='word_1_11' title='bbox 1651 354 1776 395; x_wconf 84' lang='lat' dir='ltr'>sicuti</span> 
     </span>
     <span class='ocr_line' id='line_1_3' title="bbox 270 422 1776 479; baseline -0.003 -11"><span class='ocrx_word' id='word_1_12' title='bbox 270 427 317 468; x_wconf 86' lang='lat' dir='ltr'>tu</span> <span class='ocrx_word' id='word_1_13' title='bbox 351 425 544 479; x_wconf 75' lang='lat' dir='ltr'>delegisti</span> <span class='ocrx_word' id='word_1_14' title='bbox 575 438 670 467; x_wconf 91' lang='lat' dir='ltr'>cum</span> <span class='ocrx_word' id='word_1_15' title='bbox 703 424 887 466; x_wconf 89' lang='lat' dir='ltr'>amatore</span> <span class='ocrx_word' id='word_1_16' title='bbox 926 424 998 465; x_wconf 90' lang='lat' dir='ltr'>tuo</span> <span class='ocrx_word' id='word_1_17' title='bbox 1042 423 1220 472; x_wconf 77' lang='lat' dir='ltr'>diabolo,</span> <span class='ocrx_word' id='word_1_18' title='bbox 1264 422 1339 464; x_wconf 88' lang='lat' dir='ltr'>sed</span> <span class='ocrx_word' id='word_1_19' title='bbox 1378 423 1420 464; x_wconf 89' lang='lat' dir='ltr'>in</span> <span class='ocrx_word' id='word_1_20' title='bbox 1459 423 1647 476; x_wconf 81' lang='lat' dir='ltr'>requiem</span> <span class='ocrx_word' id='word_1_21' title='bbox 1678 435 1776 476; x_wconf 92' lang='lat' dir='ltr'>per-</span> 
     </span>
     <span class='ocr_line' id='line_1_4' title="bbox 272 491 1777 548; baseline -0.003 -13"><span class='ocrx_word' id='word_1_22' title='bbox 272 495 443 548; x_wconf 85' lang='lat' dir='ltr'>petuam</span> <span class='ocrx_word' id='word_1_23' title='bbox 460 494 614 535; x_wconf 86' lang='lat' dir='ltr'>intrare</span> <span class='ocrx_word' id='word_1_24' title='bbox 633 494 889 536; x_wconf 85' lang='lat' dir='ltr'>festinamus.</span> <span class='ocrx_word' id='word_1_25' title='bbox 912 491 1117 545; x_wconf 87' lang='lat' dir='ltr'>quomodo</span> <span class='ocrx_word' id='word_1_26' title='bbox 1135 492 1210 532; x_wconf 86' lang='lat' dir='ltr'>tua</span> <span class='ocrx_word' id='word_1_27' title='bbox 1228 491 1383 532; x_wconf 90' lang='lat' dir='ltr'>astutia</span> <span class='ocrx_word' id='word_1_28' title='bbox 1398 491 1667 544; x_wconf 75' lang='lat' dir='ltr'>potueramus</span> <span class='ocrx_word' id='word_1_29' title='bbox 1685 491 1777 544; x_wconf 90' lang='lat' dir='ltr'>capi</span> 
     </span>
     <span class='ocr_line' id='line_1_5' title="bbox 276 559 1778 613; baseline -0.003 -9"><span class='ocrx_word' id='word_1_30' title='bbox 276 563 317 604; x_wconf 86' lang='lat' dir='ltr'>et</span> <span class='ocrx_word' id='word_1_31' title='bbox 350 575 373 604; x_wconf 90' lang='lat' dir='ltr'>a</span> <span class='ocrx_word' id='word_1_32' title='bbox 402 562 473 603; x_wconf 88' lang='lat' dir='ltr'>uia</span> <span class='ocrx_word' id='word_1_33' title='bbox 503 562 615 603; x_wconf 87' lang='lat' dir='ltr'>flecti</span> <span class='ocrx_word' id='word_1_34' title='bbox 636 561 858 603; x_wconf 77' lang='lat' dir='ltr'>ueritatis?</span> <span class='ocrx_word' id='word_1_35' title='bbox 891 560 1055 613; x_wconf 89' lang='lat' dir='ltr'>quando</span> <span class='ocrx_word' id='word_1_36' title='bbox 1090 560 1223 601; x_wconf 89' lang='lat' dir='ltr'>adhuc</span> <span class='ocrx_word' id='word_1_37' title='bbox 1256 559 1446 601; x_wconf 83' lang='lat' dir='ltr'>hortetur</span> <span class='ocrx_word' id='word_1_38' title='bbox 1479 559 1691 612; x_wconf 88' lang='lat' dir='ltr'>apostolus</span> <span class='ocrx_word' id='word_1_39' title='bbox 1725 559 1778 600; x_wconf 88' lang='lat' dir='ltr'>ad</span> 
     </span>
     <span class='ocr_line' id='line_1_6' title="bbox 273 628 1778 684; baseline -0.003 -12"><span class='ocrx_word' id='word_1_40' title='bbox 273 631 462 684; x_wconf 85' lang='lat' dir='ltr'>requiem</span> <span class='ocrx_word' id='word_1_41' title='bbox 485 628 918 683; x_wconf 83' lang='lat' dir='ltr'>comprehendendam</span> <span class='ocrx_word' id='word_1_42' title='bbox 943 628 1156 670; x_wconf 83' lang='lat' dir='ltr'>aeternam</span> <span class='ocrx_word' id='word_1_43' title='bbox 1180 628 1344 669; x_wconf 89' lang='lat' dir='ltr'>dicens:</span> <span class='ocrx_word' id='word_1_44' title='bbox 1376 628 1623 681; x_wconf 68' lang='lat' dir='ltr'>festinemus</span> <span class='ocrx_word' id='word_1_45' title='bbox 1644 629 1778 682; x_wconf 73' lang='lat' dir='ltr'>iyitur</span> 
     </span>
     <span class='ocr_line' id='line_1_7' title="bbox 274 696 1778 751; baseline -0.002 -11"><span class='ocrx_word' id='word_1_46' title='bbox 274 700 440 741; x_wconf 81' lang='lat' dir='ltr'>intrare</span> <span class='ocrx_word' id='word_1_47' title='bbox 475 699 520 740; x_wconf 82' lang='lat' dir='ltr'>iu</span> <span class='ocrx_word' id='word_1_48' title='bbox 557 699 681 740; x_wconf 87' lang='lat' dir='ltr'>illam</span> <span class='ocrx_word' id='word_1_49' title='bbox 718 698 913 751; x_wconf 76' lang='lat' dir='ltr'>requiem,</span> <span class='ocrx_word' id='word_1_50' title='bbox 954 710 1005 739; x_wconf 81' lang='lat' dir='ltr'>ue</span> <span class='ocrx_word' id='word_1_51' title='bbox 1044 696 1182 750; x_wconf 73' lang='lat' dir='ltr'>aliqui</span> <span class='ocrx_word' id='word_1_52' title='bbox 1222 697 1269 738; x_wconf 82' lang='lat' dir='ltr'>iu</span> <span class='ocrx_word' id='word_1_53' title='bbox 1301 696 1437 738; x_wconf 83' lang='lat' dir='ltr'>eodem</span> <span class='ocrx_word' id='word_1_54' title='bbox 1468 696 1653 749; x_wconf 73' lang='lat' dir='ltr'>exemplo</span> <span class='ocrx_word' id='word_1_55' title='bbox 1686 710 1778 738; x_wconf 82' lang='lat' dir='ltr'>cou-</span> 
     </span>
     <span class='ocr_line' id='line_1_8' title="bbox 274 765 1777 809; baseline -0.002 0"><span class='ocrx_word' id='word_1_56' title='bbox 274 768 485 809; x_wconf 78' lang='lat' dir='ltr'>tumaciae</span> <span class='ocrx_word' id='word_1_57' title='bbox 515 768 653 809; x_wconf 81' lang='lat' dir='ltr'>caelat.</span> <span class='ocrx_word' id='word_1_58' title='bbox 698 766 896 808; x_wconf 81' lang='lat' dir='ltr'>uiuidum</span> <span class='ocrx_word' id='word_1_59' title='bbox 927 767 1039 808; x_wconf 85' lang='lat' dir='ltr'>euim</span> <span class='ocrx_word' id='word_1_60' title='bbox 1061 766 1234 807; x_wconf 84' lang='lat' dir='ltr'>uerbum</span> <span class='ocrx_word' id='word_1_61' title='bbox 1255 765 1322 806; x_wconf 83' lang='lat' dir='ltr'>dei</span> <span class='ocrx_word' id='word_1_62' title='bbox 1343 768 1381 807; x_wconf 88' lang='lat' dir='ltr'>et</span> <span class='ocrx_word' id='word_1_63' title='bbox 1405 766 1603 807; x_wconf 79' lang='lat' dir='ltr'>ualidum</span> <span class='ocrx_word' id='word_1_64' title='bbox 1623 767 1662 806; x_wconf 82' lang='lat' dir='ltr'>et</span> <span class='ocrx_word' id='word_1_65' title='bbox 1681 778 1777 807; x_wconf 88' lang='lat' dir='ltr'>acu—</span> 
     </span>
     <span class='ocr_line' id='line_1_9' title="bbox 276 833 1779 890; baseline -0.002 -13"><span class='ocrx_word' id='word_1_66' title='bbox 276 838 364 878; x_wconf 87' lang='lat' dir='ltr'>tum</span> <span class='ocrx_word' id='word_1_67' title='bbox 395 837 511 877; x_wconf 82' lang='lat' dir='ltr'>omui</span> <span class='ocrx_word' id='word_1_68' title='bbox 539 836 684 890; x_wconf 72' lang='lat' dir='ltr'>qlaclio</span> <span class='ocrx_word' id='word_1_69' title='bbox 716 835 1009 877; x_wconf 85' lang='lat' dir='ltr'>acutissimum</span> <span class='ocrx_word' id='word_1_70' title='bbox 1046 837 1082 875; x_wconf 89' lang='lat' dir='ltr'>et</span> <span class='ocrx_word' id='word_1_71' title='bbox 1107 837 1341 887; x_wconf 73' lang='lat' dir='ltr'>penetraris</span> <span class='ocrx_word' id='word_1_72' title='bbox 1383 847 1510 886; x_wconf 76' lang='lat' dir='ltr'>usque</span> <span class='ocrx_word' id='word_1_73' title='bbox 1541 834 1598 875; x_wconf 77' lang='lat' dir='ltr'>acl</span> <span class='ocrx_word' id='word_1_74' title='bbox 1627 833 1779 875; x_wconf 81' lang='lat' dir='ltr'>diuisi-</span> 
     </span>
     <span class='ocr_line' id='line_1_10' title="bbox 274 903 1778 956; baseline -0.002 -10"><span class='ocrx_word' id='word_1_75' title='bbox 274 917 394 946; x_wconf 79' lang='lat' dir='ltr'>ouem</span> <span class='ocrx_word' id='word_1_76' title='bbox 425 904 596 946; x_wconf 76' lang='lat' dir='ltr'>animae</span> <span class='ocrx_word' id='word_1_77' title='bbox 625 906 663 945; x_wconf 91' lang='lat' dir='ltr'>et</span> <span class='ocrx_word' id='word_1_78' title='bbox 692 904 870 956; x_wconf 83' lang='lat' dir='ltr'>spiritus</span> <span class='ocrx_word' id='word_1_79' title='bbox 902 905 1152 956; x_wconf 79' lang='lat' dir='ltr'>artuumque</span> <span class='ocrx_word' id='word_1_80' title='bbox 1191 905 1229 943; x_wconf 87' lang='lat' dir='ltr'>et</span> <span class='ocrx_word' id='word_1_81' title='bbox 1268 903 1552 944; x_wconf 69' lang='lat' dir='ltr'>medullarem</span> <span class='ocrx_word' id='word_1_82' title='bbox 1591 906 1627 944; x_wconf 92' lang='lat' dir='ltr'>et</span> <span class='ocrx_word' id='word_1_83' title='bbox 1666 915 1778 943; x_wconf 84' lang='lat' dir='ltr'>scru-</span> 
     </span>
     <span class='ocr_line' id='line_1_11' title="bbox 275 972 1781 1027; baseline -0.003 -12"><span class='ocrx_word' id='word_1_84' title='bbox 275 976 385 1015; x_wconf 85' lang='lat' dir='ltr'>tator</span> <span class='ocrx_word' id='word_1_85' title='bbox 415 974 554 1014; x_wconf 80' lang='lat' dir='ltr'>auimi</span> <span class='ocrx_word' id='word_1_86' title='bbox 584 977 619 1015; x_wconf 90' lang='lat' dir='ltr'>et</span> <span class='ocrx_word' id='word_1_87' title='bbox 651 973 917 1027; x_wconf 71' lang='lat' dir='ltr'>coyitatiorcis</span> <span class='ocrx_word' id='word_1_88' title='bbox 947 973 1096 1023; x_wconf 83' lang='lat' dir='ltr'>cordis,</span> <span class='ocrx_word' id='word_1_89' title='bbox 1129 974 1168 1013; x_wconf 89' lang='lat' dir='ltr'>et</span> <span class='ocrx_word' id='word_1_90' title='bbox 1197 985 1283 1013; x_wconf 79' lang='lat' dir='ltr'>uon</span> <span class='ocrx_word' id='word_1_91' title='bbox 1305 975 1362 1013; x_wconf 88' lang='lat' dir='ltr'>est</span> <span class='ocrx_word' id='word_1_92' title='bbox 1382 972 1477 1013; x_wconf 92' lang='lat' dir='ltr'>ulla</span> <span class='ocrx_word' id='word_1_93' title='bbox 1498 972 1652 1014; x_wconf 76' lang='lat' dir='ltr'>creatio</span> <span class='ocrx_word' id='word_1_94' title='bbox 1675 984 1781 1024; x_wconf 74' lang='lat' dir='ltr'>quae</span> 
     </span>
     <span class='ocr_line' id='line_1_12' title="bbox 274 1040 1781 1094; baseline -0.001 -11"><span class='ocrx_word' id='word_1_95' title='bbox 274 1055 362 1083; x_wconf 76' lang='lat' dir='ltr'>nou</span> <span class='ocrx_word' id='word_1_96' title='bbox 396 1045 549 1094; x_wconf 84' lang='lat' dir='ltr'>pareat</span> <span class='ocrx_word' id='word_1_97' title='bbox 580 1044 676 1083; x_wconf 83' lang='lat' dir='ltr'>aute</span> <span class='ocrx_word' id='word_1_98' title='bbox 707 1041 858 1092; x_wconf 77' lang='lat' dir='ltr'>illum,-</span> <span class='ocrx_word' id='word_1_99' title='bbox 895 1042 1042 1083; x_wconf 72' lang='lat' dir='ltr'>omnia</span> <span class='ocrx_word' id='word_1_100' title='bbox 1073 1043 1213 1082; x_wconf 88' lang='lat' dir='ltr'>autem</span> <span class='ocrx_word' id='word_1_101' title='bbox 1254 1041 1372 1082; x_wconf 62' lang='lat' dir='ltr'>ulida</span> <span class='ocrx_word' id='word_1_102' title='bbox 1403 1043 1442 1081; x_wconf 82' lang='lat' dir='ltr'>et</span> <span class='ocrx_word' id='word_1_103' title='bbox 1471 1043 1620 1093; x_wconf 89' lang='lat' dir='ltr'>aperta</span> <span class='ocrx_word' id='word_1_104' title='bbox 1651 1040 1781 1082; x_wconf 85' lang='lat' dir='ltr'>oeulis</span> 
     </span>
     <span class='ocr_line' id='line_1_13' title="bbox 276 1109 1781 1163; baseline -0.001 -11"><span class='ocrx_word' id='word_1_105' title='bbox 276 1111 364 1152; x_wconf 86' lang='lat' dir='ltr'>eius</span> <span class='ocrx_word' id='word_1_106' title='bbox 404 1111 458 1151; x_wconf 81' lang='lat' dir='ltr'>acl</span> <span class='ocrx_word' id='word_1_107' title='bbox 496 1124 615 1163; x_wconf 75' lang='lat' dir='ltr'>quem</span> <span class='ocrx_word' id='word_1_108' title='bbox 645 1111 760 1152; x_wconf 81' lang='lat' dir='ltr'>uobis</span> <span class='ocrx_word' id='word_1_109' title='bbox 790 1111 901 1152; x_wconf 87' lang='lat' dir='ltr'>ratio</span> <span class='ocrx_word' id='word_1_110' title='bbox 932 1113 1001 1151; x_wconf 89' lang='lat' dir='ltr'>est.</span> <span class='ocrx_word' id='word_1_111' title='bbox 1064 1122 1159 1151; x_wconf 88' lang='lat' dir='ltr'>cum</span> <span class='ocrx_word' id='word_1_112' title='bbox 1197 1110 1300 1150; x_wconf 88' lang='lat' dir='ltr'>haec</span> <span class='ocrx_word' id='word_1_113' title='bbox 1339 1109 1400 1150; x_wconf 86' lang='lat' dir='ltr'>ita</span> <span class='ocrx_word' id='word_1_114' title='bbox 1439 1109 1532 1160; x_wconf 72' lang='lat' dir='ltr'>sint,</span> <span class='ocrx_word' id='word_1_115' title='bbox 1574 1109 1781 1163; x_wconf 91' lang='lat' dir='ltr'>quomodo</span> 
     </span>
     <span class='ocr_line' id='line_1_14' title="bbox 276 1178 1781 1233; baseline -0.001 -13"><span class='ocrx_word' id='word_1_116' title='bbox 276 1181 470 1233; x_wconf 84' lang='lat' dir='ltr'>potuerat</span> <span class='ocrx_word' id='word_1_117' title='bbox 503 1180 594 1233; x_wconf 91' lang='lat' dir='ltr'>quis</span> <span class='ocrx_word' id='word_1_118' title='bbox 626 1180 812 1221; x_wconf 86' lang='lat' dir='ltr'>nostrum</span> <span class='ocrx_word' id='word_1_119' title='bbox 850 1179 1027 1220; x_wconf 83' lang='lat' dir='ltr'>transire</span> <span class='ocrx_word' id='word_1_120' title='bbox 1070 1179 1120 1220; x_wconf 89' lang='lat' dir='ltr'>ad</span> <span class='ocrx_word' id='word_1_121' title='bbox 1161 1191 1236 1220; x_wconf 89' lang='lat' dir='ltr'>uos</span> <span class='ocrx_word' id='word_1_122' title='bbox 1275 1179 1315 1219; x_wconf 90' lang='lat' dir='ltr'>in</span> <span class='ocrx_word' id='word_1_123' title='bbox 1355 1178 1533 1231; x_wconf 86' lang='lat' dir='ltr'>perfidia</span> <span class='ocrx_word' id='word_1_124' title='bbox 1564 1178 1781 1220; x_wconf 87' lang='lat' dir='ltr'>manentes</span> 
     </span>
     <span class='ocr_line' id='line_1_15' title="bbox 277 1247 1780 1301; baseline -0.001 -12"><span class='ocrx_word' id='word_1_125' title='bbox 277 1248 561 1290; x_wconf 73' lang='lat' dir='ltr'>Iudaeorum?</span> <span class='ocrx_word' id='word_1_126' title='bbox 595 1261 700 1301; x_wconf 87' lang='lat' dir='ltr'>quae</span> <span class='ocrx_word' id='word_1_127' title='bbox 724 1260 864 1289; x_wconf 88' lang='lat' dir='ltr'>rerum</span> <span class='ocrx_word' id='word_1_128' title='bbox 886 1247 993 1289; x_wconf 86' lang='lat' dir='ltr'>ratio</span> <span class='ocrx_word' id='word_1_129' title='bbox 1015 1260 1089 1289; x_wconf 91' lang='lat' dir='ltr'>nos</span> <span class='ocrx_word' id='word_1_130' title='bbox 1111 1248 1230 1289; x_wconf 89' lang='lat' dir='ltr'>uobis</span> <span class='ocrx_word' id='word_1_131' title='bbox 1252 1247 1384 1301; x_wconf 89' lang='lat' dir='ltr'>possit</span> <span class='ocrx_word' id='word_1_132' title='bbox 1404 1247 1576 1301; x_wconf 85' lang='lat' dir='ltr'>iungere</span> <span class='ocrx_word' id='word_1_133' title='bbox 1601 1247 1780 1289; x_wconf 88' lang='lat' dir='ltr'>Christi—</span> 
     </span>
     <span class='ocr_line' id='line_1_16' title="bbox 279 1316 1781 1369; baseline 0 -11"><span class='ocrx_word' id='word_1_134' title='bbox 279 1329 378 1358; x_wconf 84' lang='lat' dir='ltr'>anos</span> <span class='ocrx_word' id='word_1_135' title='bbox 401 1317 600 1367; x_wconf 70' lang='lat' dir='ltr'>Anianis,</span> <span class='ocrx_word' id='word_1_136' title='bbox 634 1330 729 1358; x_wconf 90' lang='lat' dir='ltr'>cum</span> <span class='ocrx_word' id='word_1_137' title='bbox 761 1316 1000 1358; x_wconf 86' lang='lat' dir='ltr'>uideremus</span> <span class='ocrx_word' id='word_1_138' title='bbox 1033 1329 1107 1357; x_wconf 91' lang='lat' dir='ltr'>uos</span> <span class='ocrx_word' id='word_1_139' title='bbox 1141 1328 1231 1357; x_wconf 85' lang='lat' dir='ltr'>esse</span> <span class='ocrx_word' id='word_1_140' title='bbox 1252 1316 1366 1356; x_wconf 78' lang='lat' dir='ltr'>issius</span> <span class='ocrx_word' id='word_1_141' title='bbox 1389 1317 1525 1369; x_wconf 83' lang='lat' dir='ltr'>gentis</span> <span class='ocrx_word' id='word_1_142' title='bbox 1547 1317 1781 1358; x_wconf 86' lang='lat' dir='ltr'>imitatores</span> 
     </span>
     <span class='ocr_line' id='line_1_17' title="bbox 278 1385 1782 1439; baseline -0.001 -12"><span class='ocrx_word' id='word_1_143' title='bbox 278 1386 412 1428; x_wconf 88' lang='lat' dir='ltr'>omnis</span> <span class='ocrx_word' id='word_1_144' title='bbox 428 1386 659 1439; x_wconf 75' lang='lat' dir='ltr'>perfidiae?</span> <span class='ocrx_word' id='word_1_145' title='bbox 683 1386 732 1427; x_wconf 93' lang='lat' dir='ltr'>de</span> <span class='ocrx_word' id='word_1_146' title='bbox 751 1399 833 1439; x_wconf 91' lang='lat' dir='ltr'>qua</span> <span class='ocrx_word' id='word_1_147' title='bbox 850 1385 1057 1439; x_wconf 84' lang='lat' dir='ltr'>quomodo</span> <span class='ocrx_word' id='word_1_148' title='bbox 1075 1385 1243 1438; x_wconf 87' lang='lat' dir='ltr'>possent</span> <span class='ocrx_word' id='word_1_149' title='bbox 1263 1397 1475 1439; x_wconf 84' lang='lat' dir='ltr'>emergere</span> <span class='ocrx_word' id='word_1_150' title='bbox 1495 1385 1782 1439; x_wconf 75' lang='lat' dir='ltr'>confugientes</span> 
     </span>
     <span class='ocr_line' id='line_1_18' title="bbox 280 1453 1785 1511; baseline -0.001 -16"><span class='ocrx_word' id='word_1_151' title='bbox 280 1453 333 1496; x_wconf 84' lang='lat' dir='ltr'>ad</span> <span class='ocrx_word' id='word_1_152' title='bbox 357 1454 525 1496; x_wconf 88' lang='lat' dir='ltr'>domum</span> <span class='ocrx_word' id='word_1_153' title='bbox 558 1454 654 1496; x_wconf 78' lang='lat' dir='ltr'>dei?</span> <span class='ocrx_word' id='word_1_154' title='bbox 705 1455 851 1511; x_wconf 85' lang='lat' dir='ltr'>&lt;cum&gt;</span> <span class='ocrx_word' id='word_1_155' title='bbox 886 1454 927 1495; x_wconf 92' lang='lat' dir='ltr'>in</span> <span class='ocrx_word' id='word_1_156' title='bbox 956 1454 1132 1496; x_wconf 89' lang='lat' dir='ltr'>Actibus</span> <span class='ocrx_word' id='word_1_157' title='bbox 1157 1454 1439 1508; x_wconf 86' lang='lat' dir='ltr'>apostolorum</span> <span class='ocrx_word' id='word_1_158' title='bbox 1461 1454 1626 1496; x_wconf 85' lang='lat' dir='ltr'>locutus</span> <span class='ocrx_word' id='word_1_159' title='bbox 1648 1454 1708 1495; x_wconf 89' lang='lat' dir='ltr'>ita</span> <span class='ocrx_word' id='word_1_160' title='bbox 1732 1454 1785 1496; x_wconf 87' lang='lat' dir='ltr'>sit</span> 
     </span>
     <span class='ocr_line' id='line_1_19' title="bbox 278 1522 1784 1577; baseline 0 -13"><span class='ocrx_word' id='word_1_161' title='bbox 278 1522 427 1564; x_wconf 88' lang='lat' dir='ltr'>Petrus</span> <span class='ocrx_word' id='word_1_162' title='bbox 458 1522 726 1565; x_wconf 88' lang='lat' dir='ltr'>beatissimus</span> <span class='ocrx_word' id='word_1_163' title='bbox 760 1523 922 1565; x_wconf 90' lang='lat' dir='ltr'>dicens:</span> <span class='ocrx_word' id='word_1_164' title='bbox 964 1524 1278 1576; x_wconf 77' lang='lat' dir='ltr'>paenitentiam</span> <span class='ocrx_word' id='word_1_165' title='bbox 1316 1524 1438 1577; x_wconf 70' lang='lat' dir='ltr'>ayite,</span> <span class='ocrx_word' id='word_1_166' title='bbox 1481 1526 1519 1564; x_wconf 88' lang='lat' dir='ltr'>et</span> <span class='ocrx_word' id='word_1_167' title='bbox 1548 1524 1784 1576; x_wconf 69' lang='lat' dir='ltr'>baptizetur</span> 
     </span>
     <span class='ocr_line' id='line_1_20' title="bbox 277 1592 1784 1645; baseline 0 -12"><span class='ocrx_word' id='word_1_168' title='bbox 277 1592 563 1645; x_wconf 76' lang='lat' dir='ltr'>uuusquisque</span> <span class='ocrx_word' id='word_1_169' title='bbox 594 1596 778 1634; x_wconf 86' lang='lat' dir='ltr'>uestrum</span> <span class='ocrx_word' id='word_1_170' title='bbox 816 1593 864 1633; x_wconf 81' lang='lat' dir='ltr'>iu</span> <span class='ocrx_word' id='word_1_171' title='bbox 891 1593 1059 1635; x_wconf 73' lang='lat' dir='ltr'>nomine</span> <span class='ocrx_word' id='word_1_172' title='bbox 1081 1593 1243 1634; x_wconf 81' lang='lat' dir='ltr'>domiui</span> <span class='ocrx_word' id='word_1_173' title='bbox 1265 1593 1400 1634; x_wconf 79' lang='lat' dir='ltr'>uestri</span> <span class='ocrx_word' id='word_1_174' title='bbox 1423 1592 1520 1634; x_wconf 84' lang='lat' dir='ltr'>Iesu</span> <span class='ocrx_word' id='word_1_175' title='bbox 1544 1592 1706 1635; x_wconf 77' lang='lat' dir='ltr'>Christi</span> <span class='ocrx_word' id='word_1_176' title='bbox 1736 1593 1784 1633; x_wconf 82' lang='lat' dir='ltr'>iu</span> 
     </span>
     <span class='ocr_line' id='line_1_21' title="bbox 279 1661 1783 1715; baseline 0.001 -14"><span class='ocrx_word' id='word_1_177' title='bbox 279 1661 565 1703; x_wconf 72' lang='lat' dir='ltr'>remissionem</span> <span class='ocrx_word' id='word_1_178' title='bbox 598 1665 878 1715; x_wconf 86' lang='lat' dir='ltr'>peccatorum,</span> <span class='ocrx_word' id='word_1_179' title='bbox 905 1665 941 1703; x_wconf 85' lang='lat' dir='ltr'>et</span> <span class='ocrx_word' id='word_1_180' title='bbox 973 1662 1186 1714; x_wconf 74' lang='lat' dir='ltr'>accipietis</span> <span class='ocrx_word' id='word_1_181' title='bbox 1225 1662 1381 1703; x_wconf 77' lang='lat' dir='ltr'>dorium</span> <span class='ocrx_word' id='word_1_182' title='bbox 1412 1662 1592 1714; x_wconf 82' lang='lat' dir='ltr'>spiritus</span> <span class='ocrx_word' id='word_1_183' title='bbox 1632 1662 1783 1705; x_wconf 75' lang='lat' dir='ltr'>sancti.</span> 
     </span>
     <span class='ocr_line' id='line_1_22' title="bbox 281 1729 1785 1784; baseline 0 -13"><span class='ocrx_word' id='word_1_184' title='bbox 281 1729 400 1771; x_wconf 85' lang='lat' dir='ltr'>uobis</span> <span class='ocrx_word' id='word_1_185' title='bbox 429 1731 542 1771; x_wconf 79' lang='lat' dir='ltr'>euim</span> <span class='ocrx_word' id='word_1_186' title='bbox 574 1734 631 1772; x_wconf 88' lang='lat' dir='ltr'>est</span> <span class='ocrx_word' id='word_1_187' title='bbox 656 1731 755 1772; x_wconf 81' lang='lat' dir='ltr'>haee</span> <span class='ocrx_word' id='word_1_188' title='bbox 780 1731 1009 1783; x_wconf 77' lang='lat' dir='ltr'>promissio</span> <span class='ocrx_word' id='word_1_189' title='bbox 1040 1733 1079 1772; x_wconf 86' lang='lat' dir='ltr'>et</span> <span class='ocrx_word' id='word_1_190' title='bbox 1108 1731 1215 1784; x_wconf 71' lang='lat' dir='ltr'>filiis</span> <span class='ocrx_word' id='word_1_191' title='bbox 1246 1731 1398 1772; x_wconf 82' lang='lat' dir='ltr'>uestris</span> <span class='ocrx_word' id='word_1_192' title='bbox 1429 1733 1465 1772; x_wconf 91' lang='lat' dir='ltr'>et</span> <span class='ocrx_word' id='word_1_193' title='bbox 1497 1730 1689 1772; x_wconf 79' lang='lat' dir='ltr'>omuibus</span> <span class='ocrx_word' id='word_1_194' title='bbox 1711 1730 1785 1783; x_wconf 78' lang='lat' dir='ltr'>qui</span> 
     </span>
     <span class='ocr_line' id='line_1_23' title="bbox 282 1797 1784 1853; baseline 0.001 -14"><span class='ocrx_word' id='word_1_195' title='bbox 282 1797 401 1853; x_wconf 63' lang='lat' dir='ltr'>longe</span> <span class='ocrx_word' id='word_1_196' title='bbox 430 1801 541 1850; x_wconf 80' lang='lat' dir='ltr'>suut,</span> <span class='ocrx_word' id='word_1_197' title='bbox 575 1812 849 1852; x_wconf 78' lang='lat' dir='ltr'>quoscumque</span> <span class='ocrx_word' id='word_1_198' title='bbox 870 1800 1147 1841; x_wconf 80' lang='lat' dir='ltr'>aduocauerit</span> <span class='ocrx_word' id='word_1_199' title='bbox 1167 1800 1363 1842; x_wconf 80' lang='lat' dir='ltr'>domiuus</span> <span class='ocrx_word' id='word_1_200' title='bbox 1385 1800 1484 1841; x_wconf 82' lang='lat' dir='ltr'>deus</span> <span class='ocrx_word' id='word_1_201' title='bbox 1506 1803 1648 1842; x_wconf 85' lang='lat' dir='ltr'>uester.</span> <span class='ocrx_word' id='word_1_202' title='bbox 1682 1799 1784 1841; x_wconf 86' lang='lat' dir='ltr'>aliis</span> 
     </span>
     <span class='ocr_line' id='line_1_24' title="bbox 280 1868 1784 1920; baseline 0 -12"><span class='ocrx_word' id='word_1_203' title='bbox 280 1868 407 1908; x_wconf 86' lang='lat' dir='ltr'>etiam</span> <span class='ocrx_word' id='word_1_204' title='bbox 439 1868 575 1909; x_wconf 85' lang='lat' dir='ltr'>uerbis</span> <span class='ocrx_word' id='word_1_205' title='bbox 593 1869 798 1920; x_wconf 76' lang='lat' dir='ltr'>plurimis</span> <span class='ocrx_word' id='word_1_206' title='bbox 824 1869 1136 1910; x_wconf 71' lang='lat' dir='ltr'>contestabatur</span> <span class='ocrx_word' id='word_1_207' title='bbox 1158 1872 1195 1910; x_wconf 86' lang='lat' dir='ltr'>et</span> <span class='ocrx_word' id='word_1_208' title='bbox 1216 1868 1515 1910; x_wconf 74' lang='lat' dir='ltr'>exhortabatur</span> <span class='ocrx_word' id='word_1_209' title='bbox 1535 1881 1599 1909; x_wconf 89' lang='lat' dir='ltr'>eos</span> <span class='ocrx_word' id='word_1_210' title='bbox 1620 1869 1761 1909; x_wconf 80' lang='lat' dir='ltr'>diceus</span> <span class='ocrx_word' id='word_1_211' title='bbox 1774 1886 1784 1910; x_wconf 92' lang='grc'>.-</span> 
     </span>
     <span class='ocr_line' id='line_1_25' title="bbox 280 1936 1785 1991; baseline 0.001 -13"><span class='ocrx_word' id='word_1_212' title='bbox 280 1936 430 1988; x_wconf 85' lang='lat' dir='ltr'>eripite</span> <span class='ocrx_word' id='word_1_213' title='bbox 461 1949 534 1978; x_wconf 88' lang='lat' dir='ltr'>uos</span> <span class='ocrx_word' id='word_1_214' title='bbox 566 1951 592 1979; x_wconf 89' lang='lat' dir='ltr'>a</span> <span class='ocrx_word' id='word_1_215' title='bbox 620 1939 888 1991; x_wconf 73' lang='lat' dir='ltr'>yeueratioue</span> <span class='ocrx_word' id='word_1_216' title='bbox 919 1938 1002 1979; x_wconf 84' lang='lat' dir='ltr'>ista</span> <span class='ocrx_word' id='word_1_217' title='bbox 1021 1952 1179 1990; x_wconf 81' lang='lat' dir='ltr'>praua.</span> <span class='ocrx_word' id='word_1_218' title='bbox 1235 1950 1309 1979; x_wconf 91' lang='lat' dir='ltr'>nec</span> <span class='ocrx_word' id='word_1_219' title='bbox 1342 1938 1498 1991; x_wconf 85' lang='lat' dir='ltr'>poteris</span> <span class='ocrx_word' id='word_1_220' title='bbox 1534 1938 1671 1979; x_wconf 84' lang='lat' dir='ltr'>dicere</span> <span class='ocrx_word' id='word_1_221' title='bbox 1704 1950 1785 1979; x_wconf 91' lang='lat' dir='ltr'>non</span> 
     </span>
     <span class='ocr_line' id='line_1_26' title="bbox 283 2006 1787 2060; baseline 0 -14"><span class='ocrx_word' id='word_1_222' title='bbox 283 2017 358 2046; x_wconf 88' lang='lat' dir='ltr'>uos</span> <span class='ocrx_word' id='word_1_223' title='bbox 392 2018 482 2047; x_wconf 90' lang='lat' dir='ltr'>esse</span> <span class='ocrx_word' id='word_1_224' title='bbox 514 2006 712 2048; x_wconf 85' lang='lat' dir='ltr'>Arrianos</span> <span class='ocrx_word' id='word_1_225' title='bbox 744 2006 1057 2060; x_wconf 82' lang='lat' dir='ltr'>generationem</span> <span class='ocrx_word' id='word_1_226' title='bbox 1087 2019 1275 2060; x_wconf 73' lang='lat' dir='ltr'>prauam,</span> <span class='ocrx_word' id='word_1_227' title='bbox 1310 2007 1433 2048; x_wconf 85' lang='lat' dir='ltr'>sicuti</span> <span class='ocrx_word' id='word_1_228' title='bbox 1455 2007 1609 2048; x_wconf 82' lang='lat' dir='ltr'>fuerint</span> <span class='ocrx_word' id='word_1_229' title='bbox 1633 2019 1678 2048; x_wconf 88' lang='lat' dir='ltr'>ac</span> <span class='ocrx_word' id='word_1_230' title='bbox 1705 2006 1787 2048; x_wconf 91' lang='lat' dir='ltr'>sint</span> 
     </span>
     <span class='ocr_line' id='line_1_27' title="bbox 281 2074 1785 2129; baseline 0.001 -15"><span class='ocrx_word' id='word_1_231' title='bbox 281 2074 441 2124; x_wconf 81' lang='lat' dir='ltr'>Iudaei,</span> <span class='ocrx_word' id='word_1_232' title='bbox 490 2075 653 2128; x_wconf 85' lang='lat' dir='ltr'>quando</span> <span class='ocrx_word' id='word_1_233' title='bbox 697 2088 843 2117; x_wconf 86' lang='lat' dir='ltr'>cernas</span> <span class='ocrx_word' id='word_1_234' title='bbox 882 2076 980 2117; x_wconf 87' lang='lat' dir='ltr'>tunc</span> <span class='ocrx_word' id='word_1_235' title='bbox 1022 2076 1180 2118; x_wconf 81' lang='lat' dir='ltr'>scribas</span> <span class='ocrx_word' id='word_1_236' title='bbox 1212 2076 1459 2118; x_wconf 81' lang='lat' dir='ltr'>Pharisaeos</span> <span class='ocrx_word' id='word_1_237' title='bbox 1500 2077 1541 2117; x_wconf 88' lang='lat' dir='ltr'>et</span> <span class='ocrx_word' id='word_1_238' title='bbox 1578 2076 1785 2129; x_wconf 85' lang='lat' dir='ltr'>principes</span> 
     </span>
     <span class='ocr_line' id='line_1_28' title="bbox 282 2142 1787 2198; baseline 0.003 -16"><span class='ocrx_word' id='word_1_239' title='bbox 282 2142 534 2185; x_wconf 84' lang='lat' dir='ltr'>Iudaeorum</span> <span class='ocrx_word' id='word_1_240' title='bbox 565 2144 722 2185; x_wconf 86' lang='lat' dir='ltr'>idcirco</span> <span class='ocrx_word' id='word_1_241' title='bbox 755 2156 846 2185; x_wconf 90' lang='lat' dir='ltr'>esse</span> <span class='ocrx_word' id='word_1_242' title='bbox 881 2144 1014 2186; x_wconf 88' lang='lat' dir='ltr'>dictos</span> <span class='ocrx_word' id='word_1_243' title='bbox 1045 2157 1176 2197; x_wconf 88' lang='lat' dir='ltr'>praua</span> <span class='ocrx_word' id='word_1_244' title='bbox 1206 2145 1433 2198; x_wconf 75' lang='lat' dir='ltr'>generatio,</span> <span class='ocrx_word' id='word_1_245' title='bbox 1469 2145 1579 2198; x_wconf 90' lang='lat' dir='ltr'>quod</span> <span class='ocrx_word' id='word_1_246' title='bbox 1613 2145 1721 2186; x_wconf 90' lang='lat' dir='ltr'>enim</span> <span class='ocrx_word' id='word_1_247' title='bbox 1745 2145 1787 2185; x_wconf 85' lang='lat' dir='ltr'>et</span> 
     </span>
     <span class='ocr_line' id='line_1_29' title="bbox 284 2210 1785 2265; baseline 0.001 -13"><span class='ocrx_word' id='word_1_248' title='bbox 284 2210 351 2252; x_wconf 89' lang='lat' dir='ltr'>dei</span> <span class='ocrx_word' id='word_1_249' title='bbox 382 2212 592 2265; x_wconf 86' lang='lat' dir='ltr'>negabant</span> <span class='ocrx_word' id='word_1_250' title='bbox 622 2211 755 2253; x_wconf 89' lang='lat' dir='ltr'>filium</span> <span class='ocrx_word' id='word_1_251' title='bbox 789 2213 830 2254; x_wconf 86' lang='lat' dir='ltr'>et</span> <span class='ocrx_word' id='word_1_252' title='bbox 862 2225 1004 2254; x_wconf 89' lang='lat' dir='ltr'>omnes</span> <span class='ocrx_word' id='word_1_253' title='bbox 1026 2213 1067 2254; x_wconf 93' lang='lat' dir='ltr'>in</span> <span class='ocrx_word' id='word_1_254' title='bbox 1092 2213 1180 2255; x_wconf 91' lang='lat' dir='ltr'>eius</span> <span class='ocrx_word' id='word_1_255' title='bbox 1202 2213 1420 2255; x_wconf 87' lang='lat' dir='ltr'>credentes</span> <span class='ocrx_word' id='word_1_256' title='bbox 1444 2213 1629 2255; x_wconf 88' lang='lat' dir='ltr'>diuinam</span> <span class='ocrx_word' id='word_1_257' title='bbox 1650 2213 1785 2254; x_wconf 87' lang='lat' dir='ltr'>maie-</span> 
     </span>
     <span class='ocr_line' id='line_1_30' title="bbox 285 2279 1785 2335; baseline 0.001 -15"><span class='ocrx_word' id='word_1_258' title='bbox 285 2279 440 2322; x_wconf 86' lang='lat' dir='ltr'>statem</span> <span class='ocrx_word' id='word_1_259' title='bbox 470 2281 831 2334; x_wconf 86' lang='lat' dir='ltr'>persequerentur.</span> <span class='ocrx_word' id='word_1_260' title='bbox 885 2294 979 2332; x_wconf 78' lang='lat' dir='ltr'>non,</span> <span class='ocrx_word' id='word_1_261' title='bbox 1011 2281 1194 2335; x_wconf 79' lang='lat' dir='ltr'>inquam,</span> <span class='ocrx_word' id='word_1_262' title='bbox 1227 2282 1382 2335; x_wconf 90' lang='lat' dir='ltr'>poteris</span> <span class='ocrx_word' id='word_1_263' title='bbox 1417 2283 1554 2324; x_wconf 88' lang='lat' dir='ltr'>dicere</span> <span class='ocrx_word' id='word_1_264' title='bbox 1584 2283 1627 2324; x_wconf 89' lang='lat' dir='ltr'>te</span> <span class='ocrx_word' id='word_1_265' title='bbox 1661 2283 1785 2335; x_wconf 86' lang='lat' dir='ltr'>atque</span> 
     </span>
     <span class='ocr_line' id='line_1_31' title="bbox 284 2348 1784 2404; baseline 0.002 -15"><span class='ocrx_word' id='word_1_266' title='bbox 284 2348 456 2390; x_wconf 87' lang='lat' dir='ltr'>cunctos</span> <span class='ocrx_word' id='word_1_267' title='bbox 478 2348 677 2391; x_wconf 82' lang='lat' dir='ltr'>Arrianos</span> <span class='ocrx_word' id='word_1_268' title='bbox 709 2362 788 2391; x_wconf 91' lang='lat' dir='ltr'>non</span> <span class='ocrx_word' id='word_1_269' title='bbox 822 2363 913 2392; x_wconf 91' lang='lat' dir='ltr'>esse</span> <span class='ocrx_word' id='word_1_270' title='bbox 936 2351 1248 2404; x_wconf 85' lang='lat' dir='ltr'>generationem</span> <span class='ocrx_word' id='word_1_271' title='bbox 1269 2364 1444 2404; x_wconf 86' lang='lat' dir='ltr'>prauam</span> <span class='ocrx_word' id='word_1_272' title='bbox 1468 2351 1508 2392; x_wconf 89' lang='lat' dir='ltr'>et</span> <span class='ocrx_word' id='word_1_273' title='bbox 1528 2364 1784 2404; x_wconf 75' lang='lat' dir='ltr'>peruersam,</span> 
     </span>
    </p>
   </div>
   <div class='ocr_carea' id='block_1_3' title="bbox 420 2484 1256 2528">
    <p class='ocr_par' dir='ltr' id='par_1_3' title="bbox 420 2484 1256 2528">
     <span class='ocr_line' id='line_1_32' title="bbox 420 2484 1256 2528; baseline 0.002 -8"><span class='ocrx_word' id='word_1_274' title='bbox 420 2487 441 2520; x_wconf 83' lang='lat'>5</span> <span class='ocrx_word' id='word_1_275' title='bbox 466 2484 572 2521; x_wconf 88' lang='lat' dir='ltr'>Hebr.</span> <span class='ocrx_word' id='word_1_276' title='bbox 598 2486 630 2527; x_wconf 86' lang='lat'>4,</span> <span class='ocrx_word' id='word_1_277' title='bbox 659 2486 793 2520; x_wconf 83' lang='lat'>11-13</span> <span class='ocrx_word' id='word_1_278' title='bbox 888 2486 930 2521; x_wconf 88' lang='grc'>18</span> <span class='ocrx_word' id='word_1_279' title='bbox 956 2487 1034 2521; x_wconf 88' lang='lat' dir='ltr'>Act.</span> <span class='ocrx_word' id='word_1_280' title='bbox 1062 2487 1093 2528; x_wconf 82' lang='lat'>2,</span> <span class='ocrx_word' id='word_1_281' title='bbox 1120 2487 1256 2522; x_wconf 85' lang='lat'>38--40</span> 
     </span>
    </p>
   </div>
   <div class='ocr_carea' id='block_1_4' title="bbox 282 2609 1790 2884">
    <p class='ocr_par' dir='ltr' id='par_1_4' title="bbox 282 2609 1790 2884">
     <span class='ocr_line' id='line_1_33' title="bbox 352 2609 1787 2657; baseline 0.002 -14"><span class='ocrx_word' id='word_1_282' title='bbox 352 2609 373 2642; x_wconf 86' lang='lat'><strong>3</strong></span> <span class='ocrx_word' id='word_1_283' title='bbox 399 2610 569 2654; x_wconf 89' lang='lat' dir='ltr'>quomodo</span> <span class='ocrx_word' id='word_1_284' title='bbox 601 2611 795 2656; x_wconf 77' lang='lat' dir='ltr'>Latinius,</span> <span class='ocrx_word' id='word_1_285' title='bbox 822 2623 925 2656; x_wconf 80' lang='lat' dir='ltr'>quam</span> <span class='ocrx_word' id='word_1_286' title='bbox 955 2614 994 2653; x_wconf 81' lang='lat' dir='ltr'>V,</span> <span class='ocrx_word' id='word_1_287' title='bbox 1030 2623 1131 2657; x_wconf 89' lang='lat' dir='ltr'>quam</span> <span class='ocrx_word' id='word_1_288' title='bbox 1157 2623 1233 2646; x_wconf 90' lang='lat' dir='ltr'>cum</span> <span class='ocrx_word' id='word_1_289' title='bbox 1264 2613 1356 2647; x_wconf 83' lang='lat' dir='ltr'>coui.</span> <span class='ocrx_word' id='word_1_290' title='bbox 1391 2612 1510 2647; x_wconf 73' lang='lat' dir='ltr'>Titius</span> <span class='ocrx_word' id='word_1_291' title='bbox 1613 2613 1631 2646; x_wconf 82' lang='lat'>7</span> <span class='ocrx_word' id='word_1_292' title='bbox 1657 2612 1787 2647; x_wconf 85' lang='lat' dir='ltr'>cadant</span> 
     </span>
     <span class='ocr_line' id='line_1_34' title="bbox 283 2666 1786 2713; baseline 0.002 -13"><span class='ocrx_word' id='word_1_293' title='bbox 283 2677 303 2700; x_wconf 81' lang='grc' dir='ltr'><strong><em>υ</em></strong></span> <span class='ocrx_word' id='word_1_294' title='bbox 443 2666 463 2701; x_wconf 88' lang='grc'>8</span> <span class='ocrx_word' id='word_1_295' title='bbox 497 2668 733 2702; x_wconf 83' lang='lat' dir='ltr'>acutissimum</span> <span class='ocrx_word' id='word_1_296' title='bbox 765 2670 918 2713; x_wconf 79' lang='lat' dir='ltr'>scripsi,</span> <span class='ocrx_word' id='word_1_297' title='bbox 952 2670 1150 2704; x_wconf 85' lang='lat' dir='ltr'>acutissimo</span> <span class='ocrx_word' id='word_1_298' title='bbox 1182 2670 1231 2704; x_wconf 70' lang='lat' dir='ltr'>Vc</span> <span class='ocrx_word' id='word_1_299' title='bbox 1373 2669 1414 2702; x_wconf 87' lang='lat'>15</span> <span class='ocrx_word' id='word_1_300' title='bbox 1446 2669 1641 2703; x_wconf 86' lang='lat' dir='ltr'>imitatores</span> <span class='ocrx_word' id='word_1_301' title='bbox 1676 2670 1786 2703; x_wconf 90' lang='lat' dir='ltr'>omnis</span> 
     </span>
     <span class='ocr_line' id='line_1_35' title="bbox 284 2724 1786 2767; baseline 0.002 -10"><span class='ocrx_word' id='word_1_302' title='bbox 284 2724 431 2767; x_wconf 79' lang='lat' dir='ltr'>scripsi,</span> <span class='ocrx_word' id='word_1_303' title='bbox 457 2724 664 2759; x_wconf 87' lang='lat' dir='ltr'>imitationis</span> <span class='ocrx_word' id='word_1_304' title='bbox 688 2727 727 2766; x_wconf 78' lang='lat' dir='ltr'>V,</span> <span class='ocrx_word' id='word_1_305' title='bbox 754 2726 950 2760; x_wconf 88' lang='lat' dir='ltr'>imitatores</span> <span class='ocrx_word' id='word_1_306' title='bbox 977 2727 1069 2762; x_wconf 75' lang='lat' dir='ltr'>coni.</span> <span class='ocrx_word' id='word_1_307' title='bbox 1092 2727 1123 2760; x_wconf 87' lang='lat' dir='ltr'><em>T</em></span> <span class='ocrx_word' id='word_1_308' title='bbox 1122 2727 1211 2760; x_wconf 84' lang='lat' dir='ltr'>ilius</span> <span class='ocrx_word' id='word_1_309' title='bbox 1306 2727 1347 2759; x_wconf 89' lang='lat'>17</span> <span class='ocrx_word' id='word_1_310' title='bbox 1375 2736 1451 2759; x_wconf 89' lang='lat' dir='ltr'>cum</span> <span class='ocrx_word' id='word_1_311' title='bbox 1476 2726 1511 2759; x_wconf 88' lang='lat' dir='ltr'>in</span> <span class='ocrx_word' id='word_1_312' title='bbox 1538 2727 1629 2761; x_wconf 68' lang='lat' dir='ltr'>coni.</span> <span class='ocrx_word' id='word_1_313' title='bbox 1660 2726 1786 2767; x_wconf 73' lang='lat' dir='ltr'>Coleti,</span> 
     </span>
     <span class='ocr_line' id='line_1_36' title="bbox 284 2779 1790 2826; baseline 0.002 -12"><span class='ocrx_word' id='word_1_314' title='bbox 284 2779 321 2813; x_wconf 89' lang='lat' dir='ltr'>in</span> <span class='ocrx_word' id='word_1_315' title='bbox 352 2780 401 2815; x_wconf 63' lang='lat' dir='ltr'>Vi·</span> <span class='ocrx_word' id='word_1_316' title='bbox 544 2781 584 2815; x_wconf 85' lang='lat'>19</span> <span class='ocrx_word' id='word_1_317' title='bbox 616 2782 726 2816; x_wconf 87' lang='lat' dir='ltr'>nostri</span> <span class='ocrx_word' id='word_1_318' title='bbox 751 2793 778 2817; x_wconf 91' lang='lat' dir='ltr'>s.</span> <span class='ocrx_word' id='word_1_319' title='bbox 806 2783 826 2817; x_wconf 88' lang='lat' dir='ltr'>l.</span> <span class='ocrx_word' id='word_1_320' title='bbox 853 2794 898 2818; x_wconf 88' lang='lat' dir='ltr'>m.</span> <span class='ocrx_word' id='word_1_321' title='bbox 923 2786 942 2817; x_wconf 84' lang='lat'><strong><em>1</em></strong></span> <span class='ocrx_word' id='word_1_322' title='bbox 1085 2782 1125 2817; x_wconf 87' lang='grc'>21</span> <span class='ocrx_word' id='word_1_323' title='bbox 1159 2782 1323 2826; x_wconf 87' lang='lat' dir='ltr'>promisio</span> <span class='ocrx_word' id='word_1_324' title='bbox 1357 2794 1400 2816; x_wconf 84' lang='lat' dir='ltr'>m.</span> <span class='ocrx_word' id='word_1_325' title='bbox 1427 2786 1446 2816; x_wconf 82' lang='lat'><strong><em>1</em></strong></span> <span class='ocrx_word' id='word_1_326' title='bbox 1600 2783 1643 2816; x_wconf 88' lang='grc'>22</span> <span class='ocrx_word' id='word_1_327' title='bbox 1670 2785 1790 2817; x_wconf 81' lang='lat' dir='ltr'>noster</span> 
     </span>
     <span class='ocr_line' id='line_1_37' title="bbox 282 2836 1670 2884; baseline 0.004 -14"><span class='ocrx_word' id='word_1_328' title='bbox 282 2836 468 2871; x_wconf 78' lang='lat' dir='ltr'>Latinius</span> <span class='ocrx_word' id='word_1_329' title='bbox 569 2837 612 2871; x_wconf 86' lang='grc'>23</span> <span class='ocrx_word' id='word_1_330' title='bbox 638 2839 861 2874; x_wconf 82' lang='lat' dir='ltr'>exortabatur</span> <span class='ocrx_word' id='word_1_331' title='bbox 963 2839 1005 2874; x_wconf 84' lang='lat'>27</span> <span class='ocrx_word' id='word_1_332' title='bbox 1031 2850 1175 2883; x_wconf 87' lang='lat' dir='ltr'>prauam</span> <span class='ocrx_word' id='word_1_333' title='bbox 1198 2839 1460 2883; x_wconf 85' lang='lat' dir='ltr'>generationem</span> <span class='ocrx_word' id='word_1_334' title='bbox 1486 2844 1670 2884; x_wconf 71' lang='lat' dir='ltr'>exspectes</span> 
     </span>
    </p>
   </div>
   <div class='ocr_carea' id='block_1_5' title="bbox 1801 978 1835 1004">
    <p class='ocr_par' dir='ltr' id='par_1_5' title="bbox 1801 978 1835 1004">
     <span class='ocr_line' id='line_1_38' title="bbox 1801 978 1835 1004; baseline 0.029 -1"><span class='ocrx_word' id='word_1_335' title='bbox 1801 978 1835 1004; x_wconf 87' lang='lat'>10</span> 
     </span>
    </p>
   </div>
   <div class='ocr_carea' id='block_1_6' title="bbox 1803 1325 1836 1351">
    <p class='ocr_par' dir='ltr' id='par_1_6' title="bbox 1803 1325 1836 1351">
     <span class='ocr_line' id='line_1_39' title="bbox 1803 1325 1836 1351; baseline 0 0"><span class='ocrx_word' id='word_1_336' title='bbox 1803 1325 1836 1351; x_wconf 89' lang='lat'>15</span> 
     </span>
    </p>
   </div>
   <div class='ocr_carea' id='block_1_7' title="bbox 1804 2017 1837 2043">
    <p class='ocr_par' dir='ltr' id='par_1_7' title="bbox 1804 2017 1837 2043">
     <span class='ocr_line' id='line_1_40' title="bbox 1804 2017 1837 2043; baseline 0 0"><span class='ocrx_word' id='word_1_337' title='bbox 1804 2017 1837 2043; x_wconf 82' lang='lat'>25</span> 
     </span>
    </p>
   </div>
  </div>
 </body>
</html>
