1934 3278
320 246 403 289 248
978 243 1176 277 Luciferi

318 371 461 423 factus
492 372 549 411 est
581 369 647 410 uel
680 382 728 410 cx
761 368 853 409 alia
884 368 1135 419 substantia,
1170 367 1352 408 dicentes
1386 367 1628 408 mutabilem
1661 370 1696 408 et
1728 380 1824 408 eon-

319 437 550 480 uertibz'lem
582 438 721 490 filiam
744 437 824 489 dei,
856 436 925 477 lesos
948 436 1285 478 anathematizat
1306 434 1514 476 catholica·
1536 438 1575 476 et
1594 436 1825 488 apostolica

320 506 503 548 ecclesia.
555 505 723 558 propter
762 505 867 545 hanc
913 505 1102 545 sanctam
1134 504 1260 545 fidem
1291 503 1616 544 recludebantur
1649 503 1823 556 apostoli

318 574 359 615 in
402 586 635 623 carcerem,
683 573 853 614 uincula
894 573 1174 626 accipiebant,
1222 572 1465 613 uerberibus
1510 584 1582 625 per
1630 573 1823 613 horarum

318 643 530 684 momenta
551 642 820 692 uexabantur,
844 654 894 682 ne
917 641 1071 682 mundo
1092 641 1331 682 reuelarent
1352 640 1587 690 ueritatem,
1622 641 1663 682 et
1683 641 1821 682 tamen

316 710 560 764 praedicare
603 723 648 751 eo
688 710 911 751 uoluerunt
952 722 1081 762 usque
1124 722 1203 762 quo
1248 708 1374 750 etiam
1413 708 1586 749 mactati
1635 708 1820 750 fuissent.

319 779 361 821 et
394 779 498 820 dicis
530 791 603 820 nos
635 778 842 819 maximae
877 790 967 819 esse
999 778 1188 819 homines
1221 776 1529 819 contumaciae.
1573 777 1669 830 quia
1699 776 1822 817 uide-

316 848 418 890 licet
456 848 570 888 uiam
610 852 828 888 teneamus
874 846 1166 900 apostolorum,
1217 846 1313 899 quia-
1343 846 1419 887 tibi
1453 845 1640 886 dicamus
1674 845 1821 886 errati-

316 929 410 958 cum
441 917 483 958 te
514 915 686 967 factum,
721 916 822 969 quid
845 915 992 958 fecerit
1013 915 1173 957 Herodi
1203 915 1351 956 beatus
1385 914 1568 968 baptista
1602 915 1818 955 Iohannes.

316 986 505 1028 Herodes
547 988 685 1026 autem
731 985 941 1027 tetrarcha
980 998 1073 1026 cam
1114 985 1395 1036 corriperetur
1433 984 1484 1025 ab
1530 983 1604 1024 ¹illo
1645 986 1822 1036 propter

316 1054 602 1097 Herodiadem
642 1067 813 1095 ua'orem
851 1053 1006 1106 fratris
1043 1054 1111 1094 sai
1149 1056 1185 1094 et
1227 1053 1275 1094 de
1314 1052 1507 1094 omnibus
1547 1051 1675 1093 malis
1716 1065 1822 1104 quae

315 1123 416 1176 fecit
445 1123 643 1178 Herodes,
685 1123 840 1164 adiecit
870 1122 944 1163 hoc
977 1135 1101 1174 super
1143 1123 1288 1163 omnia
1318 1125 1354 1163 et
1387 1121 1560 1163 inclusit
1582 1120 1822 1161 Iohannem

314 1192 363 1233 in
395 1205 570 1233 earcere.
607 1203 687 1244 qua
721 1190 771 1232 de
802 1203 846 1232 re
877 1190 1048 1232 inclusit
1079 1191 1305 1231 Iohannem
1327 1190 1546 1231 Herodes?
1578 1190 1691 1230 certe
1725 1189 1822 1242 quia

317 1261 596 1314 arguebantur
628 1272 753 1313 opera
785 1260 894 1308 eius;
941 1259 1001 1300 ita
1034 1260 1075 1301 et
1106 1259 1151 1300 tu
1185 1272 1279 1300 cum
1313 1259 1444 1300 seruis
1479 1258 1545 1300 dei
1579 1258 1689 1312 agis,
1725 1257 1821 1311 quia

317 1328 506 1370 dicamus
536 1329 634 1370 tibi:
668 1330 759 1370 nott
787 1343 926 1383 ¹qerere
957 1343 1062 1382 qaae
1091 1330 1216 1383 yeris,
1248 1329 1336 1370 nott
1367 1342 1450 1371 esse
1475 1327 1698 1379 homicida,
1733 1327 1820 1367 noti

307 1398 507 1451 persequi
539 1398 754 1440 ecclesiam
785 1398 961 1449 domini,
998 1398 1089 1439 rtolz'
1121 1398 1396 1451 apostolicam
1427 1397 1651 1451 reprobare
1679 1398 1818 1451 fidem,

306 1467 490 1519 probare
519 1481 617 1508 uero
650 1468 915 1523 haereticam,
949 1467 1039 1509 noli
1071 1467 1362 1509 idololatriam
1394 1467 1660 1508 introducere
1689 1467 1733 1507 tn
1756 1479 1817 1507 ec-

314 1535 497 1578 clesiam.
539 1548 612 1577 nos
647 1536 898 1578 arbitramur
927 1536 1031 1577 haec
1064 1536 1230 1589 propter
1261 1536 1378 1577 tuam
1411 1535 1647 1589 specialiter
1682 1534 1818 1575 dicere

314 1604 512 1655 salutem,
561 1604 631 1657 qui
663 1605 696 1646 si
729 1605 911 1646 nolueris
949 1605 1202 1657 temperare,
1252 1604 1339 1646 sine
1382 1604 1505 1646 dubio
1548 1604 1604 1645 sic
1646 1604 1722 1645 tibi
1763 1603 1819 1645 sis

315 1673 527 1714 aeternam
561 1673 826 1726 quaesiturus
847 1674 1039 1723 mortem,
1074 1673 1279 1726 quomodo
1304 1673 1530 1726 quaesierit
1554 1673 1594 1713 et
1615 1672 1816 1714 Herodes.

312 1741 485 1783 Iohanni
519 1742 671 1783 etenim
703 1755 852 1783 nocere
885 1754 963 1783 non
995 1742 1150 1795 potuit,
1202 1742 1289 1783 siue
1331 1742 1441 1795 quod
1474 1754 1567 1783 eum
1599 1742 1640 1782 in
1673 1753 1817 1782 carce-

311 1823 399 1851 rem
432 1810 657 1852 coniecerit
689 1812 777 1852 siue
819 1811 928 1864 quod
965 1810 1243 1861 interfecerit,
1293 1810 1631 1864 quandoquidem
1674 1810 1818 1851 uideas

311 1878 538 1919 Iohannem
582 1879 648 1919 dei
692 1879 895 1929 amicum,
941 1879 1152 1920 Herodem
1195 1892 1293 1920 uero
1338 1892 1428 1920 esse
1478 1879 1543 1920 dei
1589 1879 1816 1920 inimicum.

313 1958 515 1999 quaerens
548 1947 732 1988 nocitum
763 1947 901 1998 nobis,
951 1947 1020 2001 qui
1050 1947 1127 1989 tibi
1162 1948 1373 1989 aeternam
1408 1948 1650 2001 sospitatem
1691 1948 1818 1988 tribui

313 2014 614 2065 desideramus,
648 2016 838 2057 omnibus
870 2029 944 2057 nos
975 2017 1238 2069 persequeris
1269 2017 1425 2065 modis;
1459 2017 1532 2058 sed
1563 2017 1705 2058 ualere
1738 2030 1817 2057 non

310 2084 506 2137 poterunt
545 2085 655 2126 uires
698 2085 959 2126 auctoritatis
998 2086 1097 2126 tuae
1141 2086 1193 2126 ad
1226 2086 1292 2127 dei
1324 2086 1435 2127 unici
1467 2086 1541 2127 filii
1575 2086 1707 2128 seruis
1740 2099 1815 2127 no-

311 2152 503 2203 cendum,
543 2153 639 2207 quia
669 2154 715 2194 tu
747 2167 853 2195 unus
887 2166 977 2195 esse
1012 2166 1060 2195 ex
1091 2154 1175 2196 illis
1207 2155 1405 2196 inueniris
1438 2167 1540 2208 quos
1571 2155 1688 2197 nobis
1721 2168 1815 2196 cre-

312 2220 504 2262 dentibus
539 2222 717 2263 subiecit
750 2222 914 2264 dicens:
955 2236 1040 2264 ecce
1070 2224 1165 2266 dedi
1196 2224 1315 2265 uobis
1337 2227 1587 2277 potestatem
1619 2223 1815 2265 calcandi

309 2301 435 2342 super
472 2294 680 2343 serpentes
718 2295 757 2334 et
794 2293 1027 2345 scorpiones
1066 2297 1103 2334 et
1139 2306 1272 2346 supra
1304 2307 1464 2334 omnem
1497 2294 1694 2335 uirtutem
1727 2293 1814 2333 'im'-

309 2359 429 2408 micc',·
463 2362 502 2400 et
531 2360 642 2401 nillil
668 2374 738 2402 uos
759 2362 927 2403 nocebit.
960 2361 1007 2402 tu
1039 2362 1109 2415 qui
1142 2361 1260 2412 dicis,
1294 2362 1391 2415 quia
1422 2375 1523 2403 uera
1554 2362 1629 2403 tibi
1664 2362 1812 2411 dicam,
1833 2379 1847 2403 3

311 2428 546 2479 superbiun,
580 2441 702 2481 quem
734 2443 800 2471 me
831 2430 897 2472 uis
928 2431 1135 2472 inueniri?
1180 2431 1353 2472 illumne
1387 2443 1553 2472 seruum
1587 2431 1656 2483 qui
1690 2443 1811 2471 acce-

452 2566 491 2599 10
517 2565 598 2600 Luc.
624 2565 655 2609 3,
684 2566 736 2600 19.
763 2566 807 2599 20
901 2566 944 2599 28
970 2566 1016 2601 ib.
1046 2568 1100 2601 10.
1129 2567 1170 2600 19

376 2688 396 2721 ‘2
423 2688 724 2723 anathaematizat
833 2690 852 2723 9
879 2689 961 2734 quid
988 2702 1005 2724 υ
1099 2690 1191 2732 Quid
1215 2712 1257 2715 —
1284 2690 1393 2725 fecit?
1420 2693 1512 2725 coni.
1540 2692 1720 2726 Latinius

304 2770 465 2804 iohannis
572 2769 613 2802 13
637 2769 798 2803 inclusite
905 2770 947 2803 14
972 2770 1027 2804 di*
1060 2774 1086 2814 (s
1113 2782 1223 2813 eras.)
1328 2772 1368 2804 15
1393 2754 1493 2816 geter
1517 2778 1539 2816 s*
1570 2784 1610 2807 m.
1638 2773 1717 2815 ult.)

306 2851 348 2885 18
374 2831 549 2894 speciliter
641 2851 684 2884 23
710 2861 790 2885 uero
816 2862 843 2886 s.
872 2852 891 2886 l.
918 2864 962 2886 m.
988 2853 1052 2886 alt.
1146 2852 1186 2885 31
1214 2863 1268 2887 me
1295 2852 1477 2896 superbum
1503 2854 1590 2895 fort.

1844 996 1874 1020 10

1840 1344 1871 1368 15

1839 1694 1870 1718 20

1836 2035 1867 2061 25
