1934 3278
405 255 460 289 De
485 265 554 288 non
578 254 753 299 parcendo
778 254 815 288 in
840 253 941 288 deum
968 253 1261 299 delinquentibus.
1504 257 1588 299 243

87 383 229 426 dixit:
258 382 399 435 aspice
429 382 478 423 in
510 393 600 423 nos.
651 383 697 422 at
726 380 799 423 ille
828 381 1008 434 respexit
1038 381 1087 423 in
1115 394 1193 437 eos,
1225 394 1403 435 sperans
1432 396 1474 425 se
1502 383 1586 425 ali-

87 451 191 506 quid
220 453 489 504 accepturum
520 450 572 491 ab
603 451 675 493 eis.
721 450 785 491 ait
816 453 954 492 autem
990 449 1054 491 illi
1085 450 1263 493 Petrus:
1300 456 1522 506 oeryentum
1552 457 1588 496 et

88 534 241 562 aurum
270 533 356 562 non
384 519 521 571 habeo,
551 519 623 561 sed
652 519 762 572 quod
792 518 917 560 habeo
946 518 1021 560 hoc
1043 518 1118 561 tibi
1137 519 1202 572 do,
1234 520 1282 561 in
1303 522 1470 564 nomine
1490 524 1588 565 Iesu

89 589 251 633 Christi
291 589 513 632 Nazareni
552 601 676 642 surye
715 591 752 629 et
792 587 975 630 ambula.
1028 591 1066 630 et
1109 588 1372 642 adprehensa
1416 591 1588 634 dextera

54 671 71 696 ⁵
86 673 218 702 manu
257 659 347 701 eius
384 658 515 700 erexit
551 670 665 713 eum,
712 658 1009 711 confestimque
1047 658 1286 711 confirmati
1324 663 1424 702 sunt
1461 662 1589 713 pedes

87 730 177 778 eius
207 731 246 770 et
270 728 470 782 plantae,
510 729 549 769 et
586 726 784 769 exsiliens
821 728 933 768 stetit
972 730 1009 768 et
1049 727 1290 770 ambulabat
1327 732 1364 770 et
1402 729 1587 772 intrauit

87 811 180 841 cum
210 797 301 839 illis
329 797 378 838 in
407 797 609 850 templum
647 796 871 838 ambulans
909 809 958 838 ac
997 797 1177 848 saliens,
1226 798 1413 840 laudans
1450 799 1584 842 deum.

86 870 123 910 et
153 867 265 910 uidit
295 879 390 908 eum
420 866 557 907 omnis
578 864 767 918 populus
798 864 1086 907 ambulantem
1109 869 1146 907 et
1171 865 1419 909 laudantem
1448 868 1583 920 deum,

86 939 123 978 et
153 935 445 991 coqnoscebant
485 935 589 988 quia
627 935 716 987 ipse
752 937 844 976 erat
890 935 965 988 qui
1004 935 1060 977 ad
1098 935 1397 990 eleemosynam
1426 937 1589 980 sedebat

38 1018 71 1045 10
88 1005 145 1048 ad
174 1005 403 1058 speciosam
426 1006 599 1057 portam
629 1003 789 1057 templi,
820 1005 856 1044 et
886 1003 1035 1056 repleti
1064 1006 1165 1045 sunt
1187 1017 1354 1057 pauore
1384 1009 1421 1047 et
1451 1007 1589 1048 admi-

88 1074 252 1116 ratione
282 1074 330 1115 in
361 1086 406 1116 eo
437 1072 548 1126 quod
579 1073 790 1115 acciderat
819 1072 870 1114 ei.
921 1072 964 1114 et
991 1071 1119 1115 infra:
1157 1072 1418 1126 loquentibus
1448 1079 1590 1118 autem

87 1142 175 1185 illis
207 1143 262 1185 ad
291 1142 496 1195 populum
527 1142 628 1183 haec
658 1141 786 1183 uerba
815 1142 1139 1184 insurrexerunt
1168 1144 1399 1185 sacerdotes
1419 1147 1457 1185 et
1476 1158 1588 1197 pon-

89 1212 192 1265 tifex
223 1211 364 1264 templi
402 1214 439 1252 et
485 1210 727 1253 Sadducaei
763 1210 962 1261 dolentes,
995 1211 1106 1263 quod
1137 1211 1330 1253 docerent
1359 1212 1522 1265 plebem
1552 1217 1589 1255 et

87 1281 398 1323 adnuntia-rent
428 1280 477 1321 in
506 1279 649 1321 Iesum
679 1280 1022 1321 resurrectionem
1052 1282 1328 1333 mortuorum,
1370 1284 1407 1322 et
1436 1282 1589 1324 iniece-

39 1360 72 1386 16
89 1352 190 1391 runt
213 1350 259 1390 in
280 1362 346 1391 eos
367 1362 522 1391 manus
544 1352 583 1391 et
610 1352 843 1402 posuerunt
862 1349 912 1390 in
933 1349 1136 1391 custodia.
1179 1350 1221 1391 et
1242 1349 1371 1391 infra:
1402 1351 1590 1393 uidentes

88 1418 210 1462 Petri
238 1420 522 1461 constantiam
561 1422 598 1460 et
630 1419 841 1461 Iohannis
881 1422 918 1460 et
947 1422 1143 1471 conperto
1174 1420 1283 1473 quod
1304 1419 1490 1461 homines
1519 1421 1589 1461 in-

83 1489 218 1542 periti
255 1489 345 1530 sint
382 1491 419 1530 et
460 1489 553 1530 sine
600 1488 754 1530 litteris
796 1489 1088 1538 mirabantur,
1134 1491 1420 1542 cognoscentes
1463 1489 1591 1530 etiam

88 1558 206 1612 illos,
257 1558 361 1611 quia
398 1570 493 1599 cum
531 1557 630 1599 Iesu
667 1561 810 1609 erant,
857 1557 1067 1599 hominem
1105 1558 1234 1599 etiam
1271 1557 1459 1599 uidentes
1499 1571 1592 1599 cum

88 1627 194 1680 ipsis
230 1630 413 1668 stantem
442 1627 516 1679 qui
546 1629 720 1668 curatus
757 1629 862 1678 erat,
907 1626 1019 1667 nihil
1052 1629 1252 1679 poterant
1294 1626 1590 1670 contradicere.

37 1701 73 1728 2⁰
89 1709 184 1737 cum
225 1696 443 1737 iussissent
481 1698 622 1736 autem
659 1694 757 1736 illos
795 1696 914 1744 foras
954 1698 1075 1737 extra
1113 1695 1342 1737 concilium
1371 1694 1589 1748 discedere,

89 1763 354 1817 conferebant
390 1764 448 1806 ad
487 1764 670 1806 inuicem
711 1764 918 1806 dicentes:
962 1764 1066 1817 quid
1102 1765 1309 1818 faciemus
1354 1763 1592 1805 hominibus

90 1830 190 1872 his?
231 1844 334 1873 nam
362 1831 466 1884 quia
494 1833 643 1873 notum
670 1830 833 1884 factum
863 1834 921 1872 est
951 1831 1120 1883 siynum
1144 1843 1225 1883 per
1255 1832 1369 1885 ipsos
1401 1833 1592 1874 omnibus

90 1900 380 1943 habitantibus
400 1899 651 1955 Ierusalem,
684 1900 959 1953 manifestum
989 1902 1059 1949 est,
1091 1902 1130 1940 et
1159 1911 1241 1941 non
1269 1913 1492 1953 possumus
1513 1914 1587 1942 ne-

87 1983 203 2024 yare.
253 1969 324 2011 sed
360 1981 413 2010 ne
450 1969 639 2022 amplius
676 1969 944 2010 innotescant
982 1969 1031 2010 in
1071 1969 1280 2022 populum
1308 1969 1436 2011 uerba
1474 1969 1589 2022 haec,

41 2038 392 2083 &comminemur
421 2037 513 2079 illis
544 2051 596 2079 ne
627 2038 815 2090 amplius
846 2037 1078 2091 loquantur
1108 2038 1158 2079 in
1189 2039 1359 2079 nomine
1395 2038 1469 2080 hoc
1508 2037 1591 2080 ulli

91 2106 321 2150 hominum.
383 2106 737 2149 consentientibus
782 2110 921 2149 autem
967 2107 1160 2148 omnibus
1210 2107 1480 2149 accersientes
1526 2119 1592 2148 eos

85 2179 391 2230 praeceperunt
419 2177 532 2232 illis,
579 2191 631 2219 ne
661 2179 832 2219 omnino
867 2177 1136 2230 loquerentur
1165 2190 1296 2229 neque
1325 2176 1514 2219 docerent
1544 2177 1592 2217 in

91 2246 260 2288 nomine
280 2245 391 2289 Iesu.
423 2246 715 2300 respondentes
737 2249 878 2288 autem
897 2245 1049 2287 Petrus
1073 2249 1109 2287 et
1129 2245 1344 2287 Iohannes
1365 2245 1593 2287 dixerunt:

92 2314 131 2355 si
160 2315 318 2356 iustum
348 2318 405 2357 est
436 2328 580 2357 coram
609 2314 682 2357 deo
713 2327 787 2357 uos
817 2315 966 2356 audire
989 2315 1136 2367 potius
1158 2327 1286 2367 quam
1308 2314 1443 2366 deum,
1473 2314 1590 2355 iudi-

40 2401 77 2429 οο
94 2386 202 2436 cate,·
247 2397 334 2426 non
374 2384 488 2426 enim
523 2396 747 2437 possumus
787 2396 863 2425 nos
903 2397 1010 2436 quae
1051 2383 1238 2425 uidimus
1273 2386 1313 2424 et
1342 2383 1593 2424 audiuimus

93 2464 177 2494 non
214 2452 339 2506 loqui.
391 2456 436 2495 at
466 2454 535 2495 illi
565 2454 868 2495 comminantes
897 2453 1151 2494 dimiserunt
1183 2465 1259 2507 eos,
1302 2466 1389 2493 non
1419 2452 1591 2493 inueni-

231 2637 270 2670 11
298 2636 376 2672 Aet.
400 2638 435 2677 4,
463 2637 550 2671 1-3
647 2637 688 2670 15
714 2636 760 2670 ib.
785 2636 818 2675 4,
847 2635 977 2669 13-31

163 2809 185 2844 3
208 2810 282 2845 iesu
307 2821 334 2845 s.
361 2811 381 2844 l.
407 2822 450 2846 m.
477 2814 496 2845 1
605 2811 623 2844 7
650 2811 770 2845 siliens
874 2810 895 2844 9
920 2809 1170 2843 helemosinam
1270 2807 1312 2842 13
1337 2806 1503 2842 sadducei

95 2878 140 2913 20
164 2879 321 2914 cocilium
429 2879 473 2912 24
497 2861 588 2914 niba
691 2879 732 2913 31
761 2879 968 2913 dimiserunt
992 2888 1036 2912 esc
1062 2876 1224 2911 dixerunt
1247 2887 1341 2912 corr.
1367 2887 1412 2910 m.
1438 2876 1502 2910 alt.

1393 2945 1457 2979 16*
