<?xml version="1.0" encoding="UTF-8"?>
<!DOCTYPE html PUBLIC "-//W3C//DTD XHTML 1.0 Transitional//EN"
    "http://www.w3.org/TR/xhtml1/DTD/xhtml1-transitional.dtd">
<html xmlns="http://www.w3.org/1999/xhtml" xml:lang="en" lang="en">
 <head>
  <title>
</title>
<meta http-equiv="Content-Type" content="text/html;charset=utf-8" />
  <meta name='ocr-system' content='tesseract 3.04.00' />
  <meta name='ocr-capabilities' content='ocr_page ocr_carea ocr_par ocr_line ocrx_word'/>
</head>
<body>
  <div class='ocr_page' id='page_1' title='image "./corpusscriptorum14luciuoft_0445.png"; bbox 0 0 1934 3278; ppageno 0'>
   <div class='ocr_carea' id='block_1_1' title="bbox 1471 219 1632 272">
    <p class='ocr_par' dir='ltr' id='par_1_1' title="bbox 1471 219 1632 272">
     <span class='ocr_line' id='line_1_1' title="bbox 1471 219 1632 272; baseline 0 -1"><span class='ocrx_word' id='word_1_1' title='bbox 1471 219 1474 223; x_wconf 45' lang='lat'><strong>⁴</strong></span> <span class='ocrx_word' id='word_1_2' title='bbox 1532 242 1632 272; x_wconf 80' lang='lat' dir='ltr'>vnn</span> 
     </span>
    </p>
   </div>
   <div class='ocr_carea' id='block_1_2' title="bbox 130 354 1915 2545">
    <p class='ocr_par' dir='ltr' id='par_1_2' title="bbox 130 354 1641 479">
     <span class='ocr_line' id='line_1_2' title="bbox 130 354 1641 408; baseline -0.002 -8"><span class='ocrx_word' id='word_1_3' title='bbox 130 358 300 400; x_wconf 86' lang='lat' dir='ltr'>modum</span> <span class='ocrx_word' id='word_1_4' title='bbox 333 367 450 398; x_wconf 90' lang='lat' dir='ltr'>rarae</span> <span class='ocrx_word' id='word_1_5' title='bbox 482 358 523 397; x_wconf 89' lang='lat' dir='ltr'>et</span> <span class='ocrx_word' id='word_1_6' title='bbox 555 355 643 397; x_wconf 92' lang='lat' dir='ltr'>eius</span> <span class='ocrx_word' id='word_1_7' title='bbox 675 354 787 397; x_wconf 89' lang='lat' dir='ltr'>modi</span> <span class='ocrx_word' id='word_1_8' title='bbox 818 356 930 406; x_wconf 91' lang='lat' dir='ltr'>sunt,</span> <span class='ocrx_word' id='word_1_9' title='bbox 963 356 1011 397; x_wconf 90' lang='lat' dir='ltr'>ut</span> <span class='ocrx_word' id='word_1_10' title='bbox 1041 354 1322 397; x_wconf 90' lang='lat' dir='ltr'>coniecturam</span> <span class='ocrx_word' id='word_1_11' title='bbox 1353 354 1529 408; x_wconf 89' lang='lat' dir='ltr'>sapiant,</span> <span class='ocrx_word' id='word_1_12' title='bbox 1561 367 1641 397; x_wconf 92' lang='lat' dir='ltr'>non</span> 
     </span>
     <span class='ocr_line' id='line_1_3' title="bbox 130 423 1550 479; baseline -0.002 -11"><span class='ocrx_word' id='word_1_13' title='bbox 130 439 178 468; x_wconf 86' lang='lat' dir='ltr'>ex</span> <span class='ocrx_word' id='word_1_14' title='bbox 210 425 436 479; x_wconf 87' lang='lat' dir='ltr'>archetypo</span> <span class='ocrx_word' id='word_1_15' title='bbox 467 425 536 466; x_wconf 88' lang='lat' dir='ltr'>uel</span> <span class='ocrx_word' id='word_1_16' title='bbox 566 424 648 466; x_wconf 86' lang='lat' dir='ltr'>alio</span> <span class='ocrx_word' id='word_1_17' title='bbox 681 423 820 478; x_wconf 86' lang='lat' dir='ltr'>aliquo</span> <span class='ocrx_word' id='word_1_18' title='bbox 852 423 966 465; x_wconf 83' lang='lat' dir='ltr'>fonte</span> <span class='ocrx_word' id='word_1_19' title='bbox 996 423 1165 465; x_wconf 84' lang='lat' dir='ltr'>haustae</span> <span class='ocrx_word' id='word_1_20' title='bbox 1197 436 1284 465; x_wconf 91' lang='lat' dir='ltr'>esse</span> <span class='ocrx_word' id='word_1_21' title='bbox 1317 423 1550 465; x_wconf 90' lang='lat' dir='ltr'>uideantur.</span> 
     </span>
    </p>

    <p class='ocr_par' dir='ltr' id='par_1_3' title="bbox 130 492 1915 2257">
     <span class='ocr_line' id='line_1_4' title="bbox 189 492 1915 557; baseline -0.001 -22"><span class='ocrx_word' id='word_1_22' title='bbox 189 494 358 535; x_wconf 81' lang='lat' dir='ltr'>Praeter</span> <span class='ocrx_word' id='word_1_23' title='bbox 396 492 579 535; x_wconf 86' lang='lat' dir='ltr'>codicem</span> <span class='ocrx_word' id='word_1_24' title='bbox 620 492 1034 535; x_wconf 86' lang='lat' dir='ltr'>Cheltenhamensem</span> <span class='ocrx_word' id='word_1_25' title='bbox 1074 505 1120 534; x_wconf 87' lang='lat' dir='ltr'>ex</span> <span class='ocrx_word' id='word_1_26' title='bbox 1160 492 1483 534; x_wconf 69' lang='lat' dir='ltr'>instructionum</span> <span class='ocrx_word' id='word_1_27' title='bbox 1526 492 1643 534; x_wconf 88' lang='lat' dir='ltr'>libris</span> <span class='ocrx_word' id='word_1_28' title='bbox 1658 496 1915 557; x_wconf 58' lang='lat' dir='ltr'>C⁰e{‘¹·L‡}3{{{¹,{{¹,¹{⁵</span> 
     </span>
     <span class='ocr_line' id='line_1_5' title="bbox 131 560 1642 615; baseline 0 -11"><span class='ocrx_word' id='word_1_29' title='bbox 131 575 227 604; x_wconf 92' lang='lat' dir='ltr'>mss.</span> <span class='ocrx_word' id='word_1_30' title='bbox 261 562 337 604; x_wconf 87' lang='lat' dir='ltr'>soli</span> <span class='ocrx_word' id='word_1_31' title='bbox 368 564 528 604; x_wconf 77' lang='lat' dir='ltr'>restant</span> <span class='ocrx_word' id='word_1_32' title='bbox 560 562 832 605; x_wconf 83' lang='lat' dir='ltr'><strong>Parisinus</strong></span> <span class='ocrx_word' id='word_1_33' title='bbox 867 560 986 615; x_wconf 90' lang='lat' dir='ltr'><strong>(bibl.</strong></span> <span class='ocrx_word' id='word_1_34' title='bbox 1019 561 1175 603; x_wconf 90' lang='lat' dir='ltr'>nation.</span> <span class='ocrx_word' id='word_1_35' title='bbox 1210 573 1309 604; x_wconf 87' lang='lat' dir='ltr'>mss.</span> <span class='ocrx_word' id='word_1_36' title='bbox 1341 561 1415 603; x_wconf 88' lang='lat' dir='ltr'>lat.</span> <span class='ocrx_word' id='word_1_37' title='bbox 1447 575 1486 603; x_wconf 90' lang='lat' dir='ltr'>n.</span> <span class='ocrx_word' id='word_1_38' title='bbox 1512 561 1642 614; x_wconf 83' lang='lat'>8304)</span> 
     </span>
     <span class='ocr_line' id='line_1_6' title="bbox 130 629 1643 685; baseline -0.001 -11"><span class='ocrx_word' id='word_1_39' title='bbox 130 633 172 675; x_wconf 88' lang='lat' dir='ltr'>et</span> <span class='ocrx_word' id='word_1_40' title='bbox 202 630 476 672; x_wconf 89' lang='lat' dir='ltr'>Leidensis</span> <span class='ocrx_word' id='word_1_41' title='bbox 507 630 750 685; x_wconf 83' lang='lat' dir='ltr'>(Vossianus</span> <span class='ocrx_word' id='word_1_42' title='bbox 772 630 815 672; x_wconf 91' lang='lat' dir='ltr'>in</span> <span class='ocrx_word' id='word_1_43' title='bbox 837 632 986 671; x_wconf 88' lang='lat' dir='ltr'>octauo</span> <span class='ocrx_word' id='word_1_44' title='bbox 1009 643 1048 672; x_wconf 87' lang='lat' dir='ltr'>n.</span> <span class='ocrx_word' id='word_1_45' title='bbox 1071 629 1161 684; x_wconf 87' lang='lat'>49),</span> <span class='ocrx_word' id='word_1_46' title='bbox 1195 631 1367 684; x_wconf 89' lang='lat' dir='ltr'>uterque</span> <span class='ocrx_word' id='word_1_47' title='bbox 1390 629 1643 679; x_wconf 79' lang='lat' dir='ltr'>chartaceus,</span> 
     </span>
     <span class='ocr_line' id='line_1_7' title="bbox 131 698 1644 755; baseline -0.001 -12"><span class='ocrx_word' id='word_1_48' title='bbox 131 703 304 754; x_wconf 91' lang='lat' dir='ltr'>uterque</span> <span class='ocrx_word' id='word_1_49' title='bbox 335 700 500 742; x_wconf 89' lang='lat' dir='ltr'>saeculo</span> <span class='ocrx_word' id='word_1_50' title='bbox 531 700 709 755; x_wconf 90' lang='lat' dir='ltr'>septimo</span> <span class='ocrx_word' id='word_1_51' title='bbox 741 698 903 742; x_wconf 88' lang='lat' dir='ltr'>decimo</span> <span class='ocrx_word' id='word_1_52' title='bbox 936 701 1147 750; x_wconf 87' lang='lat' dir='ltr'>exaratus,</span> <span class='ocrx_word' id='word_1_53' title='bbox 1186 712 1360 753; x_wconf 91' lang='lat' dir='ltr'>quorum</span> <span class='ocrx_word' id='word_1_54' title='bbox 1392 699 1530 742; x_wconf 86' lang='lat' dir='ltr'>uarias</span> <span class='ocrx_word' id='word_1_55' title='bbox 1562 699 1644 743; x_wconf 89' lang='lat' dir='ltr'>lec-</span> 
     </span>
     <span class='ocr_line' id='line_1_8' title="bbox 131 767 1643 823; baseline -0.001 -11"><span class='ocrx_word' id='word_1_56' title='bbox 131 770 263 812; x_wconf 84' lang='lat' dir='ltr'>tiones</span> <span class='ocrx_word' id='word_1_57' title='bbox 300 769 344 812; x_wconf 87' lang='lat' dir='ltr'>J.</span> <span class='ocrx_word' id='word_1_58' title='bbox 374 769 422 810; x_wconf 92' lang='lat' dir='ltr'>B.</span> <span class='ocrx_word' id='word_1_59' title='bbox 454 768 607 810; x_wconf 89' lang='lat' dir='ltr'>Pitra</span> <span class='ocrx_word' id='word_1_60' title='bbox 649 768 692 810; x_wconf 93' lang='lat' dir='ltr'>in</span> <span class='ocrx_word' id='word_1_61' title='bbox 730 767 940 823; x_wconf 88' lang='lat' dir='ltr'>spicilegii</span> <span class='ocrx_word' id='word_1_62' title='bbox 971 767 1241 810; x_wconf 88' lang='lat' dir='ltr'>Solesmensis</span> <span class='ocrx_word' id='word_1_63' title='bbox 1273 768 1484 810; x_wconf 90' lang='lat' dir='ltr'>uolumine</span> <span class='ocrx_word' id='word_1_64' title='bbox 1516 768 1575 810; x_wconf 92' lang='lat' dir='ltr'>IV</span> <span class='ocrx_word' id='word_1_65' title='bbox 1606 782 1643 822; x_wconf 92' lang='lat' dir='ltr'>p.</span> 
     </span>
     <span class='ocr_line' id='line_1_9' title="bbox 132 836 1645 891; baseline -0.001 -11"><span class='ocrx_word' id='word_1_66' title='bbox 132 837 373 880; x_wconf 81' lang='lat'>224—230</span> <span class='ocrx_word' id='word_1_67' title='bbox 403 838 561 891; x_wconf 90' lang='lat' dir='ltr'>primus</span> <span class='ocrx_word' id='word_1_68' title='bbox 592 836 706 891; x_wconf 91' lang='lat' dir='ltr'>prelo</span> <span class='ocrx_word' id='word_1_69' title='bbox 737 837 954 878; x_wconf 87' lang='lat' dir='ltr'>mandauit</span> <span class='ocrx_word' id='word_1_70' title='bbox 985 838 1026 878; x_wconf 89' lang='lat' dir='ltr'>et</span> <span class='ocrx_word' id='word_1_71' title='bbox 1058 837 1241 878; x_wconf 87' lang='lat' dir='ltr'>multum</span> <span class='ocrx_word' id='word_1_72' title='bbox 1273 836 1407 878; x_wconf 87' lang='lat' dir='ltr'>facere</span> <span class='ocrx_word' id='word_1_73' title='bbox 1433 836 1484 879; x_wconf 90' lang='lat' dir='ltr'>ad</span> <span class='ocrx_word' id='word_1_74' title='bbox 1507 849 1645 879; x_wconf 89' lang='lat' dir='ltr'>emen-</span> 
     </span>
     <span class='ocr_line' id='line_1_10' title="bbox 135 905 1646 960; baseline 0.002 -12"><span class='ocrx_word' id='word_1_75' title='bbox 135 907 290 948; x_wconf 86' lang='lat' dir='ltr'>dandas</span> <span class='ocrx_word' id='word_1_76' title='bbox 328 906 624 948; x_wconf 82' lang='lat' dir='ltr'>instructiones</span> <span class='ocrx_word' id='word_1_77' title='bbox 664 905 818 947; x_wconf 86' lang='lat' dir='ltr'>docuit.</span> <span class='ocrx_word' id='word_1_78' title='bbox 877 905 993 946; x_wconf 89' lang='lat' dir='ltr'>Idem</span> <span class='ocrx_word' id='word_1_79' title='bbox 1025 906 1111 947; x_wconf 88' lang='lat' dir='ltr'>cod.</span> <span class='ocrx_word' id='word_1_80' title='bbox 1147 905 1386 948; x_wconf 85' lang='lat' dir='ltr'>Parisinum</span> <span class='ocrx_word' id='word_1_81' title='bbox 1417 905 1561 948; x_wconf 84' lang='lat' dir='ltr'>littera</span> <span class='ocrx_word' id='word_1_82' title='bbox 1591 906 1646 960; x_wconf 87' lang='lat' dir='ltr'>B,</span> 
     </span>
     <span class='ocr_line' id='line_1_11' title="bbox 135 973 1647 1029; baseline -0.001 -13"><span class='ocrx_word' id='word_1_83' title='bbox 135 975 377 1016; x_wconf 85' lang='lat' dir='ltr'>Leidensem</span> <span class='ocrx_word' id='word_1_84' title='bbox 415 974 561 1016; x_wconf 90' lang='lat' dir='ltr'>littera</span> <span class='ocrx_word' id='word_1_85' title='bbox 591 974 638 1020; x_wconf 87' lang='lat' dir='ltr'><strong>A</strong></span> <span class='ocrx_word' id='word_1_86' title='bbox 667 974 900 1029; x_wconf 89' lang='lat' dir='ltr'>insigniuit.</span> <span class='ocrx_word' id='word_1_87' title='bbox 952 975 1039 1016; x_wconf 88' lang='lat' dir='ltr'>Hos</span> <span class='ocrx_word' id='word_1_88' title='bbox 1078 973 1212 1016; x_wconf 86' lang='lat' dir='ltr'>denuo</span> <span class='ocrx_word' id='word_1_89' title='bbox 1252 977 1376 1028; x_wconf 89' lang='lat' dir='ltr'>atque</span> <span class='ocrx_word' id='word_1_90' title='bbox 1416 974 1647 1016; x_wconf 78' lang='lat' dir='ltr'>accuratius</span> 
     </span>
     <span class='ocr_line' id='line_1_12' title="bbox 134 1042 1914 1097; baseline -0.001 -13"><span class='ocrx_word' id='word_1_91' title='bbox 134 1042 314 1096; x_wconf 86' lang='lat' dir='ltr'>inspexit</span> <span class='ocrx_word' id='word_1_92' title='bbox 346 1042 387 1084; x_wconf 87' lang='lat' dir='ltr'>et</span> <span class='ocrx_word' id='word_1_93' title='bbox 418 1042 636 1097; x_wconf 83' lang='lat' dir='ltr'>exscripsit</span> <span class='ocrx_word' id='word_1_94' title='bbox 666 1043 918 1084; x_wconf 87' lang='lat' dir='ltr'>Ernestus</span> <span class='ocrx_word' id='word_1_95' title='bbox 941 1042 1173 1097; x_wconf 86' lang='lat' dir='ltr'>Ludwig,</span> <span class='ocrx_word' id='word_1_96' title='bbox 1209 1042 1345 1095; x_wconf 92' lang='lat' dir='ltr'>quiin</span> <span class='ocrx_word' id='word_1_97' title='bbox 1367 1042 1548 1085; x_wconf 88' lang='lat' dir='ltr'>editione</span> <span class='ocrx_word' id='word_1_98' title='bbox 1570 1054 1645 1084; x_wconf 90' lang='lat' dir='ltr'>sua</span> <span class='ocrx_word' id='word_1_99' title='bbox 1678 1056 1745 1083; x_wconf 73' lang='lat' dir='ltr'>coa.</span> <span class='ocrx_word' id='word_1_100' title='bbox 1766 1056 1914 1082; x_wconf 65' lang='lat' dir='ltr'>Parisinus</span> 
     </span>
     <span class='ocr_line' id='line_1_13' title="bbox 132 1110 1644 1164; baseline 0.001 -12"><span class='ocrx_word' id='word_1_101' title='bbox 132 1110 369 1153; x_wconf 88' lang='lat' dir='ltr'>Parisinum</span> <span class='ocrx_word' id='word_1_102' title='bbox 400 1112 591 1164; x_wconf 87' lang='lat' dir='ltr'>inprimis</span> <span class='ocrx_word' id='word_1_103' title='bbox 621 1113 770 1154; x_wconf 87' lang='lat' dir='ltr'>ducem</span> <span class='ocrx_word' id='word_1_104' title='bbox 801 1115 966 1154; x_wconf 87' lang='lat' dir='ltr'>secutus</span> <span class='ocrx_word' id='word_1_105' title='bbox 999 1112 1076 1154; x_wconf 87' lang='lat' dir='ltr'>est.</span> <span class='ocrx_word' id='word_1_106' title='bbox 1130 1111 1183 1152; x_wconf 88' lang='lat' dir='ltr'>Et</span> <span class='ocrx_word' id='word_1_107' title='bbox 1204 1114 1268 1153; x_wconf 92' lang='lat' dir='ltr'>est</span> <span class='ocrx_word' id='word_1_108' title='bbox 1293 1112 1365 1153; x_wconf 91' lang='lat' dir='ltr'>ille</span> <span class='ocrx_word' id='word_1_109' title='bbox 1387 1113 1511 1153; x_wconf 81' lang='lat' dir='ltr'>codex</span> <span class='ocrx_word' id='word_1_110' title='bbox 1533 1111 1644 1153; x_wconf 89' lang='lat' dir='ltr'>haud</span> 
     </span>
     <span class='ocr_line' id='line_1_14' title="bbox 132 1179 1643 1234; baseline 0 -13"><span class='ocrx_word' id='word_1_111' title='bbox 132 1179 251 1234; x_wconf 91' lang='lat' dir='ltr'>parui</span> <span class='ocrx_word' id='word_1_112' title='bbox 282 1180 497 1230; x_wconf 87' lang='lat' dir='ltr'>momenti,</span> <span class='ocrx_word' id='word_1_113' title='bbox 530 1192 785 1234; x_wconf 89' lang='lat' dir='ltr'>qnamquam</span> <span class='ocrx_word' id='word_1_114' title='bbox 805 1181 1057 1223; x_wconf 87' lang='lat' dir='ltr'>auctoritate</span> <span class='ocrx_word' id='word_1_115' title='bbox 1078 1180 1215 1222; x_wconf 91' lang='lat' dir='ltr'>minus</span> <span class='ocrx_word' id='word_1_116' title='bbox 1239 1181 1351 1222; x_wconf 89' lang='lat' dir='ltr'>ualet</span> <span class='ocrx_word' id='word_1_117' title='bbox 1373 1192 1498 1233; x_wconf 91' lang='lat' dir='ltr'>quam</span> <span class='ocrx_word' id='word_1_118' title='bbox 1520 1179 1643 1222; x_wconf 86' lang='lat' dir='ltr'>Chel-</span> 
     </span>
     <span class='ocr_line' id='line_1_15' title="bbox 133 1249 1644 1304; baseline 0 -14"><span class='ocrx_word' id='word_1_119' title='bbox 133 1249 425 1291; x_wconf 87' lang='lat' dir='ltr'>tenhamensis.</span> <span class='ocrx_word' id='word_1_120' title='bbox 457 1249 583 1291; x_wconf 88' lang='lat' dir='ltr'>Hunc</span> <span class='ocrx_word' id='word_1_121' title='bbox 614 1262 709 1291; x_wconf 90' lang='lat' dir='ltr'>eum</span> <span class='ocrx_word' id='word_1_122' title='bbox 740 1249 1054 1304; x_wconf 84' lang='lat' dir='ltr'>propinquitate</span> <span class='ocrx_word' id='word_1_123' title='bbox 1086 1249 1328 1303; x_wconf 89' lang='lat' dir='ltr'>contingere</span> <span class='ocrx_word' id='word_1_124' title='bbox 1359 1262 1455 1291; x_wconf 88' lang='lat' dir='ltr'>cum</span> <span class='ocrx_word' id='word_1_125' title='bbox 1478 1262 1526 1291; x_wconf 88' lang='lat' dir='ltr'>ex</span> <span class='ocrx_word' id='word_1_126' title='bbox 1548 1249 1644 1291; x_wconf 89' lang='lat' dir='ltr'>aliis</span> 
     </span>
     <span class='ocr_line' id='line_1_16' title="bbox 134 1319 1645 1374; baseline 0.001 -14"><span class='ocrx_word' id='word_1_127' title='bbox 134 1319 258 1361; x_wconf 90' lang='lat' dir='ltr'>rebus</span> <span class='ocrx_word' id='word_1_128' title='bbox 288 1320 379 1361; x_wconf 80' lang='lat' dir='ltr'>tum</span> <span class='ocrx_word' id='word_1_129' title='bbox 411 1320 505 1361; x_wconf 90' lang='lat' dir='ltr'>inde</span> <span class='ocrx_word' id='word_1_130' title='bbox 536 1320 721 1374; x_wconf 86' lang='lat' dir='ltr'>apparet,</span> <span class='ocrx_word' id='word_1_131' title='bbox 761 1320 868 1373; x_wconf 92' lang='lat' dir='ltr'>quod</span> <span class='ocrx_word' id='word_1_132' title='bbox 899 1319 1132 1373; x_wconf 85' lang='lat' dir='ltr'>permultae</span> <span class='ocrx_word' id='word_1_133' title='bbox 1163 1319 1365 1361; x_wconf 75' lang='lat' dir='ltr'>lectiones</span> <span class='ocrx_word' id='word_1_134' title='bbox 1397 1320 1439 1361; x_wconf 91' lang='lat' dir='ltr'>in</span> <span class='ocrx_word' id='word_1_135' title='bbox 1470 1322 1645 1373; x_wconf 90' lang='lat' dir='ltr'>utroque</span> 
     </span>
     <span class='ocr_line' id='line_1_17' title="bbox 133 1387 1643 1444; baseline 0.001 -15"><span class='ocrx_word' id='word_1_136' title='bbox 133 1387 417 1439; x_wconf 89' lang='lat' dir='ltr'>inueniuntur,</span> <span class='ocrx_word' id='word_1_137' title='bbox 452 1401 556 1442; x_wconf 90' lang='lat' dir='ltr'>quae</span> <span class='ocrx_word' id='word_1_138' title='bbox 588 1389 866 1442; x_wconf 88' lang='lat' dir='ltr'>corruptelam</span> <span class='ocrx_word' id='word_1_139' title='bbox 897 1401 994 1442; x_wconf 89' lang='lat' dir='ltr'>prae</span> <span class='ocrx_word' id='word_1_140' title='bbox 1015 1400 1059 1429; x_wconf 88' lang='lat' dir='ltr'>se</span> <span class='ocrx_word' id='word_1_141' title='bbox 1081 1387 1228 1430; x_wconf 87' lang='lat' dir='ltr'>ferant.</span> <span class='ocrx_word' id='word_1_142' title='bbox 1277 1390 1395 1432; x_wconf 89' lang='lat' dir='ltr'>Idem</span> <span class='ocrx_word' id='word_1_143' title='bbox 1424 1392 1520 1444; x_wconf 89' lang='lat' dir='ltr'>quia</span> <span class='ocrx_word' id='word_1_144' title='bbox 1550 1402 1643 1432; x_wconf 88' lang='lat' dir='ltr'>curn</span> 
     </span>
     <span class='ocr_line' id='line_1_18' title="bbox 134 1457 1646 1513; baseline 0 -13"><span class='ocrx_word' id='word_1_145' title='bbox 134 1457 312 1500; x_wconf 86' lang='lat' dir='ltr'>editione</span> <span class='ocrx_word' id='word_1_146' title='bbox 344 1457 584 1512; x_wconf 87' lang='lat' dir='ltr'>Rigaltiana</span> <span class='ocrx_word' id='word_1_147' title='bbox 615 1459 755 1500; x_wconf 91' lang='lat' dir='ltr'>crebro</span> <span class='ocrx_word' id='word_1_148' title='bbox 788 1457 1012 1512; x_wconf 84' lang='lat' dir='ltr'>conspirat,</span> <span class='ocrx_word' id='word_1_149' title='bbox 1052 1457 1093 1499; x_wconf 89' lang='lat' dir='ltr'>et</span> <span class='ocrx_word' id='word_1_150' title='bbox 1125 1457 1245 1500; x_wconf 89' lang='lat' dir='ltr'>Pitra</span> <span class='ocrx_word' id='word_1_151' title='bbox 1275 1459 1316 1501; x_wconf 91' lang='lat' dir='ltr'>et</span> <span class='ocrx_word' id='word_1_152' title='bbox 1347 1459 1522 1513; x_wconf 86' lang='lat' dir='ltr'>Ludwig</span> <span class='ocrx_word' id='word_1_153' title='bbox 1552 1471 1646 1501; x_wconf 88' lang='lat' dir='ltr'>cen-</span> 
     </span>
     <span class='ocr_line' id='line_1_19' title="bbox 134 1526 1648 1582; baseline 0 -13"><span class='ocrx_word' id='word_1_154' title='bbox 134 1527 309 1569; x_wconf 88' lang='lat' dir='ltr'>suerunt</span> <span class='ocrx_word' id='word_1_155' title='bbox 339 1539 424 1568; x_wconf 86' lang='lat' dir='ltr'>esse</span> <span class='ocrx_word' id='word_1_156' title='bbox 456 1539 551 1568; x_wconf 92' lang='lat' dir='ltr'>eum</span> <span class='ocrx_word' id='word_1_157' title='bbox 581 1526 864 1582; x_wconf 87' lang='lat' dir='ltr'>apographum</span> <span class='ocrx_word' id='word_1_158' title='bbox 887 1527 992 1569; x_wconf 89' lang='lat' dir='ltr'>illud</span> <span class='ocrx_word' id='word_1_159' title='bbox 1014 1527 1365 1582; x_wconf 85' lang='lat' dir='ltr'>Sirmondianum,</span> <span class='ocrx_word' id='word_1_160' title='bbox 1399 1540 1479 1582; x_wconf 93' lang='lat' dir='ltr'>quo</span> <span class='ocrx_word' id='word_1_161' title='bbox 1500 1529 1648 1582; x_wconf 88' lang='lat' dir='ltr'>Rigal-</span> 
     </span>
     <span class='ocr_line' id='line_1_20' title="bbox 134 1595 1648 1651; baseline 0.001 -14"><span class='ocrx_word' id='word_1_162' title='bbox 134 1595 219 1637; x_wconf 92' lang='lat' dir='ltr'>tius</span> <span class='ocrx_word' id='word_1_163' title='bbox 258 1595 302 1637; x_wconf 91' lang='lat' dir='ltr'>in</span> <span class='ocrx_word' id='word_1_164' title='bbox 344 1596 523 1637; x_wconf 86' lang='lat' dir='ltr'>editione</span> <span class='ocrx_word' id='word_1_165' title='bbox 564 1608 640 1638; x_wconf 87' lang='lat' dir='ltr'>sua</span> <span class='ocrx_word' id='word_1_166' title='bbox 680 1596 975 1639; x_wconf 88' lang='lat' dir='ltr'>conformanda</span> <span class='ocrx_word' id='word_1_167' title='bbox 1005 1609 1049 1639; x_wconf 92' lang='lat' dir='ltr'>se</span> <span class='ocrx_word' id='word_1_168' title='bbox 1080 1610 1203 1639; x_wconf 92' lang='lat' dir='ltr'>usum</span> <span class='ocrx_word' id='word_1_169' title='bbox 1237 1610 1325 1640; x_wconf 90' lang='lat' dir='ltr'>esse</span> <span class='ocrx_word' id='word_1_170' title='bbox 1357 1598 1446 1651; x_wconf 92' lang='lat' dir='ltr'>ipse</span> <span class='ocrx_word' id='word_1_171' title='bbox 1477 1597 1648 1639; x_wconf 86' lang='lat' dir='ltr'>fatetur.</span> 
     </span>
     <span class='ocr_line' id='line_1_21' title="bbox 135 1664 1650 1722; baseline 0.002 -16"><span class='ocrx_word' id='word_1_172' title='bbox 135 1665 195 1706; x_wconf 89' lang='lat' dir='ltr'>Ea</span> <span class='ocrx_word' id='word_1_173' title='bbox 226 1664 364 1718; x_wconf 90' lang='lat' dir='ltr'>opinio</span> <span class='ocrx_word' id='word_1_174' title='bbox 397 1677 490 1706; x_wconf 89' lang='lat' dir='ltr'>cum</span> <span class='ocrx_word' id='word_1_175' title='bbox 522 1665 607 1707; x_wconf 91' lang='lat' dir='ltr'>iam</span> <span class='ocrx_word' id='word_1_176' title='bbox 637 1665 751 1718; x_wconf 88' lang='lat' dir='ltr'>prius</span> <span class='ocrx_word' id='word_1_177' title='bbox 782 1664 886 1706; x_wconf 92' lang='lat' dir='ltr'>mihi</span> <span class='ocrx_word' id='word_1_178' title='bbox 929 1665 1070 1708; x_wconf 90' lang='lat' dir='ltr'>minus</span> <span class='ocrx_word' id='word_1_179' title='bbox 1112 1667 1361 1720; x_wconf 90' lang='lat' dir='ltr'>probaretur</span> <span class='ocrx_word' id='word_1_180' title='bbox 1380 1665 1456 1722; x_wconf 65' lang='lat' dir='ltr'>l7),</span> <span class='ocrx_word' id='word_1_181' title='bbox 1506 1668 1650 1720; x_wconf 87' lang='lat' dir='ltr'>postea</span> 
     </span>
     <span class='ocr_line' id='line_1_22' title="bbox 136 1733 1650 1787; baseline 0.001 -12"><span class='ocrx_word' id='word_1_182' title='bbox 136 1733 395 1787; x_wconf 85' lang='lat' dir='ltr'>argumentis</span> <span class='ocrx_word' id='word_1_183' title='bbox 427 1735 528 1775; x_wconf 90' lang='lat' dir='ltr'>satis</span> <span class='ocrx_word' id='word_1_184' title='bbox 560 1734 724 1787; x_wconf 88' lang='lat' dir='ltr'>magnis</span> <span class='ocrx_word' id='word_1_185' title='bbox 755 1734 985 1776; x_wconf 88' lang='lat' dir='ltr'>ostendisse</span> <span class='ocrx_word' id='word_1_186' title='bbox 1017 1735 1123 1776; x_wconf 91' lang='lat' dir='ltr'>mihi</span> <span class='ocrx_word' id='word_1_187' title='bbox 1156 1735 1297 1777; x_wconf 86' lang='lat' dir='ltr'>uideor</span> <span class='ocrx_word' id='word_1_188' title='bbox 1328 1735 1509 1777; x_wconf 89' lang='lat' dir='ltr'>codicem</span> <span class='ocrx_word' id='word_1_189' title='bbox 1532 1735 1650 1777; x_wconf 90' lang='lat' dir='ltr'>Pari-</span> 
     </span>
     <span class='ocr_line' id='line_1_23' title="bbox 136 1802 1651 1857; baseline 0.001 -14"><span class='ocrx_word' id='word_1_190' title='bbox 136 1802 275 1843; x_wconf 90' lang='lat' dir='ltr'>sinum</span> <span class='ocrx_word' id='word_1_191' title='bbox 315 1813 425 1843; x_wconf 90' lang='lat' dir='ltr'>non</span> <span class='ocrx_word' id='word_1_192' title='bbox 467 1814 554 1844; x_wconf 90' lang='lat' dir='ltr'>esse</span> <span class='ocrx_word' id='word_1_193' title='bbox 595 1802 732 1856; x_wconf 90' lang='lat' dir='ltr'>ipsum</span> <span class='ocrx_word' id='word_1_194' title='bbox 776 1803 1059 1856; x_wconf 85' lang='lat' dir='ltr'>apographum</span> <span class='ocrx_word' id='word_1_195' title='bbox 1101 1803 1311 1846; x_wconf 89' lang='lat' dir='ltr'>Sirmondi</span> <span class='ocrx_word' id='word_1_196' title='bbox 1335 1802 1399 1857; x_wconf 70' lang='lat'><strong>¹³).</strong></span> <span class='ocrx_word' id='word_1_197' title='bbox 1466 1803 1651 1856; x_wconf 88' lang='lat' dir='ltr'>Quorum</span> 
     </span>
     <span class='ocr_line' id='line_1_24' title="bbox 135 1872 1652 1927; baseline 0.001 -15"><span class='ocrx_word' id='word_1_198' title='bbox 135 1872 478 1924; x_wconf 89' lang='lat' dir='ltr'>argumentorum</span> <span class='ocrx_word' id='word_1_199' title='bbox 519 1872 653 1913; x_wconf 88' lang='lat' dir='ltr'>nescio</span> <span class='ocrx_word' id='word_1_200' title='bbox 695 1885 747 1913; x_wconf 85' lang='lat' dir='ltr'>an</span> <span class='ocrx_word' id='word_1_201' title='bbox 787 1872 1088 1925; x_wconf 88' lang='lat' dir='ltr'>grauissimum</span> <span class='ocrx_word' id='word_1_202' title='bbox 1129 1873 1210 1924; x_wconf 88' lang='lat' dir='ltr'>sit,</span> <span class='ocrx_word' id='word_1_203' title='bbox 1253 1873 1360 1927; x_wconf 89' lang='lat' dir='ltr'>quod</span> <span class='ocrx_word' id='word_1_204' title='bbox 1397 1872 1652 1915; x_wconf 88' lang='lat' dir='ltr'>acrostichon</span> 
     </span>
     <span class='ocr_line' id='line_1_25' title="bbox 136 1939 1652 1995; baseline 0.002 -15"><span class='ocrx_word' id='word_1_205' title='bbox 136 1939 157 1980; x_wconf 92' lang='grc' dir='ltr'>Ι</span> <span class='ocrx_word' id='word_1_206' title='bbox 193 1940 243 1981; x_wconf 91' lang='grc'>18</span> <span class='ocrx_word' id='word_1_207' title='bbox 286 1940 330 1981; x_wconf 92' lang='lat' dir='ltr'>in</span> <span class='ocrx_word' id='word_1_208' title='bbox 367 1940 553 1982; x_wconf 89' lang='lat' dir='ltr'>Parisino</span> <span class='ocrx_word' id='word_1_209' title='bbox 596 1940 734 1982; x_wconf 90' lang='lat' dir='ltr'>codice</span> <span class='ocrx_word' id='word_1_210' title='bbox 775 1940 898 1982; x_wconf 89' lang='lat' dir='ltr'>initio</span> <span class='ocrx_word' id='word_1_211' title='bbox 941 1942 1140 1984; x_wconf 89' lang='lat' dir='ltr'>omissum</span> <span class='ocrx_word' id='word_1_212' title='bbox 1182 1944 1367 1984; x_wconf 88' lang='lat' dir='ltr'>extrema</span> <span class='ocrx_word' id='word_1_213' title='bbox 1408 1942 1496 1984; x_wconf 88' lang='lat' dir='ltr'>eius</span> <span class='ocrx_word' id='word_1_214' title='bbox 1535 1943 1652 1995; x_wconf 89' lang='lat' dir='ltr'>parte</span> 
     </span>
     <span class='ocr_line' id='line_1_26' title="bbox 137 2008 1652 2065; baseline 0 -14"><span class='ocrx_word' id='word_1_215' title='bbox 137 2008 371 2063; x_wconf 87' lang='lat' dir='ltr'>Rigaltii</span> <span class='ocrx_word' id='word_1_216' title='bbox 411 2009 583 2062; x_wconf 88' lang='lat' dir='ltr'>ipsius</span> <span class='ocrx_word' id='word_1_217' title='bbox 620 2021 771 2051; x_wconf 86' lang='lat' dir='ltr'>manu</span> <span class='ocrx_word' id='word_1_218' title='bbox 813 2009 1002 2052; x_wconf 89' lang='lat' dir='ltr'>additum</span> <span class='ocrx_word' id='word_1_219' title='bbox 1043 2013 1118 2053; x_wconf 90' lang='lat' dir='ltr'>est.</span> <span class='ocrx_word' id='word_1_220' title='bbox 1172 2010 1251 2063; x_wconf 84' lang='lat' dir='ltr'>Qui</span> <span class='ocrx_word' id='word_1_221' title='bbox 1292 2012 1347 2062; x_wconf 88' lang='lat' dir='ltr'>si,</span> <span class='ocrx_word' id='word_1_222' title='bbox 1396 2014 1442 2053; x_wconf 92' lang='lat' dir='ltr'>ut</span> <span class='ocrx_word' id='word_1_223' title='bbox 1482 2011 1570 2065; x_wconf 87' lang='lat' dir='ltr'>ipse</span> <span class='ocrx_word' id='word_1_224' title='bbox 1611 2012 1652 2053; x_wconf 91' lang='lat' dir='ltr'>in</span> 
     </span>
     <span class='ocr_line' id='line_1_27' title="bbox 139 2077 1651 2134; baseline 0.001 -15"><span class='ocrx_word' id='word_1_225' title='bbox 139 2077 397 2131; x_wconf 87' lang='lat' dir='ltr'>praefatione</span> <span class='ocrx_word' id='word_1_226' title='bbox 440 2077 565 2129; x_wconf 88' lang='lat' dir='ltr'>dicit,</span> <span class='ocrx_word' id='word_1_227' title='bbox 622 2079 740 2120; x_wconf 90' lang='lat' dir='ltr'>uetus</span> <span class='ocrx_word' id='word_1_228' title='bbox 783 2079 1110 2121; x_wconf 88' lang='lat' dir='ltr'>instructionum</span> <span class='ocrx_word' id='word_1_229' title='bbox 1153 2080 1365 2134; x_wconf 88' lang='lat' dir='ltr'>exemplar</span> <span class='ocrx_word' id='word_1_230' title='bbox 1406 2093 1488 2122; x_wconf 90' lang='lat' dir='ltr'>non</span> <span class='ocrx_word' id='word_1_231' title='bbox 1529 2079 1651 2129; x_wconf 83' lang='lat' dir='ltr'>uidit,</span> 
     </span>
     <span class='ocr_line' id='line_1_28' title="bbox 140 2146 1652 2202; baseline 0.001 -15"><span class='ocrx_word' id='word_1_232' title='bbox 140 2147 248 2189; x_wconf 88' lang='lat' dir='ltr'>unde</span> <span class='ocrx_word' id='word_1_233' title='bbox 278 2146 415 2200; x_wconf 89' lang='lat' dir='ltr'>potuit</span> <span class='ocrx_word' id='word_1_234' title='bbox 448 2146 553 2189; x_wconf 91' lang='lat' dir='ltr'>illud</span> <span class='ocrx_word' id='word_1_235' title='bbox 576 2147 837 2189; x_wconf 85' lang='lat' dir='ltr'>acrostichon</span> <span class='ocrx_word' id='word_1_236' title='bbox 860 2147 1063 2201; x_wconf 89' lang='lat' dir='ltr'>supplere,</span> <span class='ocrx_word' id='word_1_237' title='bbox 1096 2147 1175 2191; x_wconf 92' lang='lat' dir='ltr'>nisi</span> <span class='ocrx_word' id='word_1_238' title='bbox 1208 2161 1255 2190; x_wconf 82' lang='lat' dir='ltr'>ex</span> <span class='ocrx_word' id='word_1_239' title='bbox 1290 2161 1384 2190; x_wconf 86' lang='lat' dir='ltr'>uero</span> <span class='ocrx_word' id='word_1_240' title='bbox 1416 2147 1652 2202; x_wconf 85' lang='lat' dir='ltr'>apographo</span> 
     </span>
     <span class='ocr_line' id='line_1_29' title="bbox 140 2213 461 2257; baseline 0 -1"><span class='ocrx_word' id='word_1_241' title='bbox 140 2213 461 2257; x_wconf 80' lang='lat' dir='ltr'>Sirmondiano?</span> 
     </span>
    </p>

    <p class='ocr_par' dir='ltr' id='par_1_4' title="bbox 140 2282 1653 2545">
     <span class='ocr_line' id='line_1_30' title="bbox 195 2282 1651 2340; baseline 0.001 -16"><span class='ocrx_word' id='word_1_242' title='bbox 195 2282 361 2337; x_wconf 87' lang='lat' dir='ltr'>Itaque,</span> <span class='ocrx_word' id='word_1_243' title='bbox 396 2283 476 2325; x_wconf 90' lang='lat' dir='ltr'>nisi</span> <span class='ocrx_word' id='word_1_244' title='bbox 509 2283 650 2335; x_wconf 87' lang='lat' dir='ltr'>fallor,</span> <span class='ocrx_word' id='word_1_245' title='bbox 683 2284 743 2326; x_wconf 86' lang='lat' dir='ltr'>sic</span> <span class='ocrx_word' id='word_1_246' title='bbox 775 2297 818 2326; x_wconf 88' lang='lat' dir='ltr'>se</span> <span class='ocrx_word' id='word_1_247' title='bbox 849 2298 913 2327; x_wconf 86' lang='lat' dir='ltr'>res</span> <span class='ocrx_word' id='word_1_248' title='bbox 943 2285 1113 2328; x_wconf 88' lang='lat' dir='ltr'>habuit:</span> <span class='ocrx_word' id='word_1_249' title='bbox 1151 2286 1363 2340; x_wconf 84' lang='lat' dir='ltr'>Rigaltius</span> <span class='ocrx_word' id='word_1_250' title='bbox 1394 2285 1651 2329; x_wconf 88' lang='lat' dir='ltr'>Sirmondia-</span> 
     </span>
     <span class='ocr_line' id='line_1_31' title="bbox 142 2352 1653 2407; baseline 0.001 -15"><span class='ocrx_word' id='word_1_251' title='bbox 142 2363 242 2394; x_wconf 91' lang='lat' dir='ltr'>num</span> <span class='ocrx_word' id='word_1_252' title='bbox 274 2352 481 2405; x_wconf 87' lang='lat' dir='ltr'>exemplar</span> <span class='ocrx_word' id='word_1_253' title='bbox 510 2354 726 2407; x_wconf 87' lang='lat' dir='ltr'>acceptum</span> <span class='ocrx_word' id='word_1_254' title='bbox 758 2355 894 2397; x_wconf 88' lang='lat' dir='ltr'>nescio</span> <span class='ocrx_word' id='word_1_255' title='bbox 926 2355 992 2396; x_wconf 93' lang='lat' dir='ltr'>cui</span> <span class='ocrx_word' id='word_1_256' title='bbox 1034 2355 1353 2398; x_wconf 88' lang='lat' dir='ltr'>describendum</span> <span class='ocrx_word' id='word_1_257' title='bbox 1395 2354 1522 2397; x_wconf 88' lang='lat' dir='ltr'>dedit.</span> <span class='ocrx_word' id='word_1_258' title='bbox 1575 2354 1653 2396; x_wconf 92' lang='lat' dir='ltr'>Hic</span> 
     </span>
     <span class='ocr_line' id='line_1_32' title="bbox 140 2420 1651 2476; baseline 0 -14"><span class='ocrx_word' id='word_1_259' title='bbox 140 2432 272 2463; x_wconf 91' lang='lat' dir='ltr'>nouus</span> <span class='ocrx_word' id='word_1_260' title='bbox 313 2420 421 2463; x_wconf 86' lang='lat' dir='ltr'>liber</span> <span class='ocrx_word' id='word_1_261' title='bbox 463 2434 511 2463; x_wconf 84' lang='lat' dir='ltr'>ex</span> <span class='ocrx_word' id='word_1_262' title='bbox 551 2421 841 2464; x_wconf 86' lang='lat' dir='ltr'>Sirmondiano</span> <span class='ocrx_word' id='word_1_263' title='bbox 883 2423 1114 2476; x_wconf 89' lang='lat' dir='ltr'>descriptus</span> <span class='ocrx_word' id='word_1_264' title='bbox 1148 2423 1188 2468; x_wconf 92' lang='lat' dir='ltr'><strong>B</strong></span> <span class='ocrx_word' id='word_1_265' title='bbox 1220 2426 1358 2465; x_wconf 87' lang='lat' dir='ltr'>noster</span> <span class='ocrx_word' id='word_1_266' title='bbox 1394 2426 1467 2465; x_wconf 91' lang='lat' dir='ltr'>est.</span> <span class='ocrx_word' id='word_1_267' title='bbox 1521 2420 1651 2473; x_wconf 84' lang='lat' dir='ltr'>Quem</span> 
     </span>
     <span class='ocr_line' id='line_1_33' title="bbox 142 2489 1651 2545; baseline 0 -14"><span class='ocrx_word' id='word_1_268' title='bbox 142 2489 242 2531; x_wconf 93' lang='lat' dir='ltr'>dum</span> <span class='ocrx_word' id='word_1_269' title='bbox 274 2489 501 2542; x_wconf 88' lang='lat' dir='ltr'>perlustrat</span> <span class='ocrx_word' id='word_1_270' title='bbox 524 2490 735 2543; x_wconf 82' lang='lat' dir='ltr'>Rigaltius</span> <span class='ocrx_word' id='word_1_271' title='bbox 768 2494 809 2531; x_wconf 90' lang='lat' dir='ltr'>et</span> <span class='ocrx_word' id='word_1_272' title='bbox 842 2502 936 2532; x_wconf 89' lang='lat' dir='ltr'>cum</span> <span class='ocrx_word' id='word_1_273' title='bbox 967 2491 1204 2545; x_wconf 87' lang='lat' dir='ltr'>apographo</span> <span class='ocrx_word' id='word_1_274' title='bbox 1227 2491 1517 2534; x_wconf 89' lang='lat' dir='ltr'>Sirmondiano</span> <span class='ocrx_word' id='word_1_275' title='bbox 1539 2503 1651 2532; x_wconf 90' lang='lat' dir='ltr'>com-</span> 
     </span>
    </p>
   </div>
   <div class='ocr_carea' id='block_1_3' title="bbox 141 2559 1651 2681">
    <p class='ocr_par' dir='ltr' id='par_1_5' title="bbox 141 2559 1651 2681">
     <span class='ocr_line' id='line_1_34' title="bbox 142 2559 1651 2612; baseline 0.001 -13"><span class='ocrx_word' id='word_1_276' title='bbox 142 2561 272 2612; x_wconf 87' lang='lat' dir='ltr'>parat,</span> <span class='ocrx_word' id='word_1_277' title='bbox 306 2570 401 2599; x_wconf 90' lang='lat' dir='ltr'>cum</span> <span class='ocrx_word' id='word_1_278' title='bbox 423 2559 525 2601; x_wconf 87' lang='lat' dir='ltr'>alios</span> <span class='ocrx_word' id='word_1_279' title='bbox 548 2559 707 2601; x_wconf 85' lang='lat' dir='ltr'>librarii</span> <span class='ocrx_word' id='word_1_280' title='bbox 731 2571 888 2601; x_wconf 90' lang='lat' dir='ltr'>errores</span> <span class='ocrx_word' id='word_1_281' title='bbox 911 2560 1086 2602; x_wconf 87' lang='lat' dir='ltr'>correxit</span> <span class='ocrx_word' id='word_1_282' title='bbox 1114 2562 1202 2602; x_wconf 90' lang='lat' dir='ltr'>tum</span> <span class='ocrx_word' id='word_1_283' title='bbox 1226 2560 1484 2602; x_wconf 84' lang='lat' dir='ltr'>acrostichon</span> <span class='ocrx_word' id='word_1_284' title='bbox 1506 2559 1651 2602; x_wconf 71' lang='lat' dir='ltr'>xvllr</span> 
     </span>
     <span class='ocr_line' id='line_1_35' title="bbox 141 2626 1051 2681; baseline 0.002 -14"><span class='ocrx_word' id='word_1_285' title='bbox 141 2626 255 2668; x_wconf 86' lang='lat' dir='ltr'>illius</span> <span class='ocrx_word' id='word_1_286' title='bbox 288 2627 446 2669; x_wconf 87' lang='lat' dir='ltr'>incuria</span> <span class='ocrx_word' id='word_1_287' title='bbox 477 2629 675 2669; x_wconf 87' lang='lat' dir='ltr'>omissum</span> <span class='ocrx_word' id='word_1_288' title='bbox 711 2630 798 2680; x_wconf 88' lang='lat' dir='ltr'>ipse</span> <span class='ocrx_word' id='word_1_289' title='bbox 830 2628 1051 2681; x_wconf 82' lang='lat' dir='ltr'>suppleuit.</span> 
     </span>
    </p>
   </div>
   <div class='ocr_carea' id='block_1_4' title="bbox 139 2750 1651 2911">
    <p class='ocr_par' dir='ltr' id='par_1_6' title="bbox 139 2750 1651 2911">
     <span class='ocr_line' id='line_1_36' title="bbox 201 2750 1651 2799; baseline 0.001 -14"><span class='ocrx_word' id='word_1_290' title='bbox 201 2750 238 2793; x_wconf 49' lang='grc' dir='ltr'>ι7)</span> <span class='ocrx_word' id='word_1_291' title='bbox 265 2750 596 2795; x_wconf 79' lang='lat' dir='ltr'>Sitzungsberiehte</span> <span class='ocrx_word' id='word_1_292' title='bbox 623 2750 737 2785; x_wconf 74' lang='lat' dir='ltr'>XCVI</span> <span class='ocrx_word' id='word_1_293' title='bbox 763 2762 796 2795; x_wconf 87' lang='lat' dir='ltr'>p.</span> <span class='ocrx_word' id='word_1_294' title='bbox 823 2752 892 2785; x_wconf 74' lang='lat'>452</span> <span class='ocrx_word' id='word_1_295' title='bbox 916 2762 985 2795; x_wconf 73' lang='lat' dir='ltr'>sq.;</span> <span class='ocrx_word' id='word_1_296' title='bbox 1019 2751 1158 2786; x_wconf 78' lang='lat' dir='ltr'>Bliitter</span> <span class='ocrx_word' id='word_1_297' title='bbox 1184 2753 1207 2786; x_wconf 78' lang='lat' dir='ltr'>s.</span> <span class='ocrx_word' id='word_1_298' title='bbox 1227 2753 1259 2787; x_wconf 88' lang='lat' dir='ltr'>d.</span> <span class='ocrx_word' id='word_1_299' title='bbox 1281 2752 1396 2798; x_wconf 79' lang='lat' dir='ltr'>bayer.</span> <span class='ocrx_word' id='word_1_300' title='bbox 1416 2754 1543 2799; x_wconf 82' lang='lat' dir='ltr'>Gymn.</span> <span class='ocrx_word' id='word_1_301' title='bbox 1568 2754 1651 2788; x_wconf 82' lang='lat' dir='ltr'>XVI</span> 
     </span>
     <span class='ocr_line' id='line_1_37' title="bbox 165 2809 271 2843; baseline -0.019 -1"><span class='ocrx_word' id='word_1_302' title='bbox 165 2833 172 2842; x_wconf 91' lang='lat'>.</span> <span class='ocrx_word' id='word_1_303' title='bbox 193 2809 271 2843; x_wconf 80' lang='lat'>345.</span> 
     </span>
     <span class='ocr_line' id='line_1_38' title="bbox 139 2819 953 2911; baseline 0.001 -11"><span class='ocrx_word' id='word_1_304' title='bbox 139 2819 162 2852; x_wconf 72' lang='lat' dir='ltr'>p</span> <span class='ocrx_word' id='word_1_305' title='bbox 204 2865 241 2908; x_wconf 67' lang='lat'>¹⁸)</span> <span class='ocrx_word' id='word_1_306' title='bbox 269 2866 599 2910; x_wconf 80' lang='lat' dir='ltr'>Sitzungsbericbte</span> <span class='ocrx_word' id='word_1_307' title='bbox 625 2866 722 2901; x_wconf 73' lang='lat' dir='ltr'>cvll</span> <span class='ocrx_word' id='word_1_308' title='bbox 752 2878 783 2911; x_wconf 75' lang='lat' dir='ltr'>p.</span> <span class='ocrx_word' id='word_1_309' title='bbox 810 2867 874 2900; x_wconf 61' lang='lat'>53?</span> <span class='ocrx_word' id='word_1_310' title='bbox 901 2878 953 2910; x_wconf 88' lang='lat' dir='ltr'>sq.</span> 
     </span>
    </p>
   </div>
  </div>
 </body>
</html>
