1934 3278
481 268 536 303 De
562 278 632 303 non
656 268 832 314 parcendo
858 269 894 303 in
920 268 1021 304 deum
1047 269 1346 314 delinquentibus.
1588 269 1670 312 235

159 409 252 438 sum
292 395 435 437 uidere
476 396 768 438 contritionem
798 399 969 438 sanctae
1009 397 1223 447 ciuitatis,
1269 398 1307 437 et
1337 395 1534 438 sederunt
1565 396 1664 445 illic,

159 477 252 506 cum
281 464 456 506 daretur
474 465 524 506 in
555 477 688 506 manu
718 464 994 506 inimicorum
1024 465 1325 518 sanctificatio,
1357 465 1406 506 in
1431 478 1564 507 manu
1596 478 1666 507 ex—

159 533 377 574 terorum?
424 533 466 573 et
494 532 624 574 infra:
657 533 795 575 omnis
825 535 1003 575 ornatus
1033 534 1123 575 eius
1153 532 1322 575 ablatus
1351 536 1423 589 est,
1457 547 1507 575 ex
1538 533 1667 576 libera

157 601 275 654 facta
313 604 370 642 est
409 601 583 643 ancilla.
637 615 722 643 ecce
751 603 903 643 sancta
933 604 1082 644 nostra
1112 603 1153 644 et
1180 602 1426 655 speciositas
1456 605 1605 644 nostra
1634 606 1668 644 et

123 683 139 708 ⁵
155 669 296 723 yloria
328 672 477 711 nostra
507 670 696 712 desolata
726 672 797 722 est,
830 672 870 711 et
894 669 1142 722 polluerunt
1173 683 1265 711 eam
1294 672 1447 724 yentes.
1485 672 1534 711 ut
1564 670 1666 723 quid

156 739 272 780 nobis
303 738 442 780 adhuc
474 739 603 780 uita?
647 741 684 780 et
715 739 920 780 conscidit
951 737 1196 779 Matathias
1227 741 1263 779 et
1293 738 1380 792 filii
1417 738 1507 780 eius
1536 739 1664 780 uesti-

157 810 299 848 menta
328 820 422 858 sua,
456 811 494 849 et
516 809 899 860 percooperuerunt
928 819 971 848 se
1002 808 1158 848 ciliciis
1188 809 1228 848 et
1249 808 1409 849 luctum
1430 807 1668 849 habuerunt

156 875 295 917 ualde.
326 878 366 917 et
395 879 602 917 uenerunt
631 877 706 928 qui
736 878 860 916 erant
889 889 917 917 a
947 889 1037 929 reye
1069 878 1105 916 ct
1137 875 1428 927 conpellebant
1450 875 1665 917 discessio-

156 957 249 985 nem
287 945 335 985 in
366 944 540 986 Modiin
579 945 796 986 ciuitatem
834 946 884 985 ut
921 945 1230 997 sacrificarent.
1285 947 1322 985 et
1360 944 1487 985 multi
1525 944 1667 986 Israel

106 1037 138 1062 10
156 1017 415 1055 accesserunt
438 1014 495 1053 a‘l
516 1027 594 1057 eos.
627 1017 666 1055 et
687 1013 935 1055 Matathias
965 1016 1002 1054 et
1030 1013 1118 1066 tilii
1149 1013 1240 1054 eius
1271 1013 1511 1067 conyreyati
1550 1016 1664 1055 sunt.

155 1085 192 1123 et
223 1082 527 1135 responderunt
557 1083 631 1136 qui
662 1096 690 1123 a
720 1095 813 1136 reqe
843 1082 965 1123 missi
994 1081 1169 1134 fuerant
1200 1084 1239 1123 et
1259 1082 1386 1123 aiunt
1421 1082 1667 1124 Matathiae

154 1151 356 1193 dicentes:
393 1152 599 1204 prineeps
629 1154 667 1192 et
696 1150 851 1192 nobilis
882 1153 922 1193 et
949 1163 1132 1204 maqnus
1162 1163 1203 1191 es
1233 1151 1281 1191 in
1312 1150 1485 1192 ciuitate
1516 1151 1601 1191 ista
1631 1153 1667 1191 et

155 1222 428 1268 confirmatus
458 1220 565 1274 filiis
595 1224 632 1262 et
662 1220 885 1273 fratribus.
920 1234 1034 1262 nunc
1066 1220 1211 1262 accede
1234 1220 1409 1272 primus
1432 1222 1471 1260 et
1490 1219 1560 1272 fac
1585 1220 1665 1260 im-

148 1289 318 1340 perium
348 1289 471 1343 reqis‚
502 1290 610 1331 sicut
638 1289 827 1342 fecerunt
855 1301 995 1330 omnes
1023 1291 1162 1342 yentes
1193 1291 1230 1330 et
1260 1289 1350 1329 uiri
1382 1287 1498 1329 Iuda
1528 1290 1567 1329 et
1594 1288 1667 1341 qui

104 1379 135 1404 15
154 1357 342 1400 derelicti
373 1361 475 1399 sunt
504 1359 552 1399 in
583 1358 745 1410 Israel,
791 1361 830 1399 et
860 1358 944 1399 eris
975 1361 1019 1399 tu
1050 1361 1089 1399 ct
1116 1357 1201 1411 filii
1232 1357 1297 1398 tui
1327 1357 1458 1398 amici
1487 1357 1598 1410 reyis
1627 1360 1664 1399 et

154 1430 201 1468 tu
230 1430 266 1468 et
294 1426 379 1480 filii
411 1427 474 1468 tui
502 1427 756 1481 qloriamini
786 1430 960 1482 arqento
991 1430 1028 1468 et
1049 1441 1155 1468 auro
1177 1430 1215 1469 et
1236 1427 1483 1468 muneribus
1503 1426 1663 1469 multis.

155 1496 372 1548 respondit
412 1495 655 1537 Matathias
694 1499 731 1537 et
769 1496 883 1538 dimit
918 1509 1015 1537 uoce
1054 1509 1233 1549 maqna:
1278 1496 1317 1536 si
1348 1508 1489 1537 omnes
1522 1499 1663 1549 yentes

155 1579 260 1617 quae
290 1565 339 1605 in
370 1564 490 1606 domo
521 1565 630 1619 reyis
661 1565 846 1606 audiunt
877 1578 982 1615 eum,
1014 1567 1061 1605 ut
1091 1564 1279 1606 discedat
1302 1564 1594 1616 unusquisque
1615 1563 1666 1604 ab

154 1633 291 1686 officio
320 1636 497 1686 patrum
526 1647 715 1686 suorum,
756 1636 795 1674 et
825 1633 1034 1688 eleqerunt
1065 1634 1114 1674 in
1146 1633 1355 1674 mandata
1387 1633 1490 1687 eius,
1527 1635 1565 1674 et
1595 1645 1666 1686 eyo

103 1721 137 1746 20
155 1706 191 1744 et
220 1702 305 1756 filii
336 1703 418 1744 mei
447 1703 602 1744 ibimus
631 1703 681 1744 in
711 1705 1006 1744 testamentum
1030 1705 1210 1755 patrum
1241 1704 1497 1743 nostrorum.
1530 1702 1665 1743 domi-

154 1785 237 1814 nus
259 1772 478 1825 propitius
507 1772 627 1813 nobis
656 1773 735 1824 sit,
784 1785 871 1812 non
901 1771 1237 1823 derelinquemus
1267 1770 1394 1824 leyem
1429 1773 1469 1812 et
1509 1770 1664 1823 iustifi—

155 1841 355 1883 cationes.
385 1840 561 1882 uerbum
591 1842 703 1895 reqis
734 1854 819 1882 non
850 1841 1083 1895 audiemus,
1116 1854 1204 1881 non
1234 1839 1543 1881 declinabimus
1569 1839 1665 1892 ossi-

154 1910 266 1951 cium
307 1909 606 1951 deseruitionis
646 1913 815 1951 nostrae
855 1910 1005 1951 dextra
1042 1909 1110 1951 uel
1151 1908 1345 1950 sinistra.
1397 1910 1444 1949 ut
1484 1907 1664 1949 cessauit

156 1978 271 2031 loqui
301 1991 510 2020 sermones
542 1980 663 2025 istos,
706 1979 882 2020 accessit
909 1979 981 2019 uir
1011 1978 1202 2019 Iudaeus
1232 1977 1282 2018 in
1313 1977 1447 2019 oculis
1477 1976 1665 2018 omnium

104 2063 137 2088 ιο
154 2047 398 2101 sacrificare
432 2048 481 2089 in
512 2048 688 2090 Modiin
728 2049 956 2090 secundum
990 2050 1265 2100 praeceptum
1304 2047 1425 2101 reqis.
1479 2049 1518 2087 et
1556 2046 1665 2087 uidit

156 2116 400 2158 matathias
419 2119 457 2158 et
476 2116 637 2158 zelatus
656 2119 726 2168 est,
759 2119 797 2158 et
817 2119 1154 2158 contremuerunt
1185 2128 1304 2158 renes
1335 2116 1426 2157 eius
1460 2118 1497 2157 et
1521 2113 1667 2156 attulit

155 2185 269 2226 iram
306 2185 538 2227 secundum
577 2185 800 2226 iudicium.
857 2189 894 2227 et
926 2185 1160 2227 adcurrens
1189 2185 1247 2227 ad
1283 2197 1408 2225 aram
1447 2183 1660 2236 interfecit

155 2267 259 2297 eum.
291 2258 328 2296 et
358 2255 503 2296 uirum
534 2255 647 2309 reyis
676 2256 748 2308 qui
780 2255 948 2309 coqebat
978 2253 1197 2296 immolare
1218 2254 1373 2296 occidit
1390 2254 1440 2294 in
1460 2251 1535 2293 illo
1559 2254 1659 2293 tem-

148 2337 266 2376 pore,
299 2327 336 2365 et
367 2337 489 2365 aram
518 2324 740 2366 destruxit.
781 2326 818 2364 et
849 2323 1088 2364 aemulatus
1117 2326 1176 2364 est
1207 2323 1256 2364 in
1287 2322 1380 2376 leqe,
1422 2321 1533 2362 sicut
1562 2320 1659 2373 fecit

104 2392 311 2434 aoFinees
352 2392 562 2434 Iambrim
601 2391 690 2445 filio
731 2391 890 2434 Salom.
941 2394 976 2433 et
1017 2390 1276 2432 exclamauit
1318 2389 1564 2432 Matathias
1614 2389 1656 2428 in

293 2528 314 2561 3
338 2527 354 2562 I
379 2527 492 2562 Mach.
520 2528 554 2567 2.
583 2527 715 2562 11—28

226 2654 242 2686 1
262 2653 509 2687 contricionem
605 2653 724 2687 sedere
750 2655 838 2696 fort.
932 2653 953 2686 2
980 2653 1215 2686 sanctificatio
1241 2652 1269 2685 ‘n
1297 2652 1305 2682 s
1334 2654 1442 2693 (corr.
1469 2662 1511 2685 m.
1540 2655 1574 2695 1)

154 2709 175 2742 4
194 2710 394 2754 spetioeitas
510 2711 531 2744 6
557 2714 590 2744 et
619 2710 661 2744 10
685 2710 853 2744 matthias
973 2710 1010 2743 11
1039 2710 1135 2743 missi
1161 2708 1301 2742 fucrant
1327 2708 1414 2742 add.
1444 2720 1485 2742 m.
1512 2709 1576 2743 alt.

154 2766 326 2800 matthiae
413 2768 454 2801 16
472 2766 707 2811 gloriabimini
726 2768 819 2801 coni.
842 2767 961 2800 Titius-
979 2770 1010 2800 εἰ
1034 2766 1261 2800 Gallamlius
1351 2765 1391 2798 17
1407 2765 1576 2800 matthias

154 2833 238 2857 uoce
263 2834 390 2868 magna
415 2828 451 2858 et
475 2824 562 2858 dixit
590 2836 607 2858 v
711 2824 752 2858 18
779 2835 842 2868 que
936 2822 1126 2857 descendat
1154 2835 1194 2857 m.
1224 2826 1241 2856 1
1345 2822 1384 2856 21
1492 2823 1592 2857 nobis
1618 2824 1665 2857 sit

155 2880 216 2922 (sit
239 2889 349 2923 eras.)
444 2881 488 2914 26
513 2880 681 2915 matthias
776 2881 820 2914 30
844 2880 1053 2915 matthatias
