<?xml version="1.0" encoding="UTF-8"?>
<!DOCTYPE html PUBLIC "-//W3C//DTD XHTML 1.0 Transitional//EN"
    "http://www.w3.org/TR/xhtml1/DTD/xhtml1-transitional.dtd">
<html xmlns="http://www.w3.org/1999/xhtml" xml:lang="en" lang="en">
 <head>
  <title>
</title>
<meta http-equiv="Content-Type" content="text/html;charset=utf-8" />
  <meta name='ocr-system' content='tesseract 3.04.00' />
  <meta name='ocr-capabilities' content='ocr_page ocr_carea ocr_par ocr_line ocrx_word'/>
</head>
<body>
  <div class='ocr_page' id='page_1' title='image "./corpusscriptorum14luciuoft_0254.png"; bbox 0 0 1934 3278; ppageno 0'>
   <div class='ocr_carea' id='block_1_1' title="bbox 263 208 1775 1972">
    <p class='ocr_par' dir='ltr' id='par_1_1' title="bbox 274 208 1132 251">
     <span class='ocr_line' id='line_1_1' title="bbox 274 208 1132 251; baseline 0.002 -11"><span class='ocrx_word' id='word_1_1' title='bbox 274 211 355 251; x_wconf 63' lang='lat'><strong><em>‚⁶202</em></strong></span> <span class='ocrx_word' id='word_1_2' title='bbox 933 208 1132 243; x_wconf 85' lang='lat' dir='ltr'>Luciferi</span> 
     </span>
    </p>

    <p class='ocr_par' dir='ltr' id='par_1_2' title="bbox 264 334 1775 1685">
     <span class='ocr_line' id='line_1_2' title="bbox 273 334 1775 388; baseline 0.001 -13"><span class='ocrx_word' id='word_1_3' title='bbox 273 340 390 378; x_wconf 74' lang='lat' dir='ltr'>mites</span> <span class='ocrx_word' id='word_1_4' title='bbox 431 340 467 377; x_wconf 78' lang='lat' dir='ltr'>el</span> <span class='ocrx_word' id='word_1_5' title='bbox 505 336 855 388; x_wconf 69' lang='lat' dir='ltr'><em>circumferamur</em></span> <span class='ocrx_word' id='word_1_6' title='bbox 893 336 1009 377; x_wconf 85' lang='lat' dir='ltr'>omni</span> <span class='ocrx_word' id='word_1_7' title='bbox 1048 338 1170 377; x_wconf 69' lang='lat' dir='ltr'>uento</span> <span class='ocrx_word' id='word_1_8' title='bbox 1214 335 1451 388; x_wconf 78' lang='lat' dir='ltr'>doctrinae,</span> <span class='ocrx_word' id='word_1_9' title='bbox 1497 334 1545 376; x_wconf 88' lang='lat' dir='ltr'>in</span> <span class='ocrx_word' id='word_1_10' title='bbox 1584 336 1775 388; x_wconf 70' lang='lat' dir='ltr'>nequitia</span> 
     </span>
     <span class='ocr_line' id='line_1_3' title="bbox 272 403 1772 459; baseline -0.001 -13"><span class='ocrx_word' id='word_1_11' title='bbox 272 406 504 459; x_wconf 69' lang='lat' dir='ltr'>hominum,</span> <span class='ocrx_word' id='word_1_12' title='bbox 538 406 587 446; x_wconf 89' lang='lat' dir='ltr'>in</span> <span class='ocrx_word' id='word_1_13' title='bbox 620 405 782 446; x_wconf 74' lang='lat' dir='ltr'>astutia</span> <span class='ocrx_word' id='word_1_14' title='bbox 813 404 870 445; x_wconf 81' lang='lat' dir='ltr'>ad</span> <span class='ocrx_word' id='word_1_15' title='bbox 900 405 1129 446; x_wconf 74' lang='lat' dir='ltr'>remedium</span> <span class='ocrx_word' id='word_1_16' title='bbox 1163 404 1333 446; x_wconf 79' lang='lat' dir='ltr'>erroris.</span> <span class='ocrx_word' id='word_1_17' title='bbox 1384 403 1606 445; x_wconf 77' lang='lat' dir='ltr'>ueritatem</span> <span class='ocrx_word' id='word_1_18' title='bbox 1637 407 1772 445; x_wconf 75' lang='lat' dir='ltr'>autem</span> 
     </span>
     <span class='ocr_line' id='line_1_4' title="bbox 270 473 1775 526; baseline 0.001 -13"><span class='ocrx_word' id='word_1_19' title='bbox 270 473 474 525; x_wconf 72' lang='lat' dir='ltr'>facientes</span> <span class='ocrx_word' id='word_1_20' title='bbox 515 475 564 516; x_wconf 85' lang='lat' dir='ltr'>in</span> <span class='ocrx_word' id='word_1_21' title='bbox 603 475 780 517; x_wconf 73' lang='lat' dir='ltr'>caritate</span> <span class='ocrx_word' id='word_1_22' title='bbox 819 486 1052 515; x_wconf 73' lang='lat' dir='ltr'><em>crescamus</em></span> <span class='ocrx_word' id='word_1_23' title='bbox 1092 474 1140 514; x_wconf 88' lang='lat' dir='ltr'>in</span> <span class='ocrx_word' id='word_1_24' title='bbox 1179 473 1254 515; x_wconf 88' lang='lat' dir='ltr'>illo</span> <span class='ocrx_word' id='word_1_25' title='bbox 1289 486 1367 526; x_wconf 76' lang='lat' dir='ltr'>per</span> <span class='ocrx_word' id='word_1_26' title='bbox 1406 473 1565 522; x_wconf 87' lang='lat' dir='ltr'>omnia,</span> <span class='ocrx_word' id='word_1_27' title='bbox 1613 474 1686 525; x_wconf 72' lang='lat' dir='ltr'>qui</span> <span class='ocrx_word' id='word_1_28' title='bbox 1719 476 1775 514; x_wconf 72' lang='lat' dir='ltr'>est</span> 
     </span>
     <span class='ocr_line' id='line_1_5' title="bbox 270 541 1774 595; baseline -0.001 -12"><span class='ocrx_word' id='word_1_29' title='bbox 270 545 397 594; x_wconf 74' lang='lat' dir='ltr'>caput</span> <span class='ocrx_word' id='word_1_30' title='bbox 430 543 633 585; x_wconf 72' lang='lat' dir='ltr'>Christus.</span> <span class='ocrx_word' id='word_1_31' title='bbox 668 542 874 595; x_wconf 88' lang='lat' dir='ltr'>quomodo</span> <span class='ocrx_word' id='word_1_32' title='bbox 906 554 1122 595; x_wconf 77' lang='lat' dir='ltr'>possemus</span> <span class='ocrx_word' id='word_1_33' title='bbox 1154 555 1343 583; x_wconf 86' lang='grc'><strong>01080010</strong></span> <span class='ocrx_word' id='word_1_34' title='bbox 1375 542 1417 582; x_wconf 88' lang='grc'>111</span> <span class='ocrx_word' id='word_1_35' title='bbox 1447 542 1532 591; x_wconf 88' lang='lat' dir='ltr'>illo,</span> <span class='ocrx_word' id='word_1_36' title='bbox 1566 541 1598 582; x_wconf 90' lang='lat' dir='ltr'>si</span> <span class='ocrx_word' id='word_1_37' title='bbox 1632 542 1673 582; x_wconf 93' lang='lat' dir='ltr'>te</span> <span class='ocrx_word' id='word_1_38' title='bbox 1706 553 1774 582; x_wconf 90' lang='lat' dir='ltr'>se-</span> 
     </span>
     <span class='ocr_line' id='line_1_6' title="bbox 272 610 1775 664; baseline 0.001 -14"><span class='ocrx_word' id='word_1_39' title='bbox 272 611 357 651; x_wconf 83' lang='lat' dir='ltr'>cuti</span> <span class='ocrx_word' id='word_1_40' title='bbox 388 611 606 653; x_wconf 85' lang='lat' dir='ltr'>tenebram</span> <span class='ocrx_word' id='word_1_41' title='bbox 638 612 875 661; x_wconf 75' lang='lat' dir='ltr'>fuissemus,</span> <span class='ocrx_word' id='word_1_42' title='bbox 918 624 1013 652; x_wconf 86' lang='lat' dir='ltr'>cum</span> <span class='ocrx_word' id='word_1_43' title='bbox 1046 611 1102 652; x_wconf 90' lang='lat' dir='ltr'>sis</span> <span class='ocrx_word' id='word_1_44' title='bbox 1135 623 1292 664; x_wconf 83' lang='lat' dir='ltr'>negans</span> <span class='ocrx_word' id='word_1_45' title='bbox 1323 611 1441 652; x_wconf 89' lang='lat' dir='ltr'>illum</span> <span class='ocrx_word' id='word_1_46' title='bbox 1472 623 1619 651; x_wconf 87' lang='lat' dir='ltr'>uerum</span> <span class='ocrx_word' id='word_1_47' title='bbox 1652 610 1775 651; x_wconf 85' lang='lat' dir='ltr'>deum</span> 
     </span>
     <span class='ocr_line' id='line_1_7' title="bbox 273 679 1775 732; baseline -0.001 -11"><span class='ocrx_word' id='word_1_48' title='bbox 273 692 377 729; x_wconf 88' lang='lat' dir='ltr'>esse,</span> <span class='ocrx_word' id='word_1_49' title='bbox 429 693 525 721; x_wconf 91' lang='lat' dir='ltr'>cum</span> <span class='ocrx_word' id='word_1_50' title='bbox 558 681 673 721; x_wconf 88' lang='lat' dir='ltr'>dicas</span> <span class='ocrx_word' id='word_1_51' title='bbox 714 680 832 721; x_wconf 89' lang='lat' dir='ltr'>illum</span> <span class='ocrx_word' id='word_1_52' title='bbox 872 692 950 721; x_wconf 89' lang='lat' dir='ltr'>non</span> <span class='ocrx_word' id='word_1_53' title='bbox 983 680 1127 721; x_wconf 90' lang='lat' dir='ltr'>natum</span> <span class='ocrx_word' id='word_1_54' title='bbox 1168 679 1218 721; x_wconf 88' lang='lat' dir='ltr'>de</span> <span class='ocrx_word' id='word_1_55' title='bbox 1251 680 1485 721; x_wconf 86' lang='lat' dir='ltr'>substantia</span> <span class='ocrx_word' id='word_1_56' title='bbox 1515 679 1659 732; x_wconf 85' lang='lat' dir='ltr'>patris,</span> <span class='ocrx_word' id='word_1_57' title='bbox 1702 679 1775 720; x_wconf 92' lang='lat' dir='ltr'>sed</span> 
     </span>
     <span class='ocr_line' id='line_1_8' title="bbox 270 748 1775 802; baseline 0 -14"><span class='ocrx_word' id='word_1_58' title='bbox 270 749 433 790; x_wconf 80' lang='lat' dir='ltr'>astruas</span> <span class='ocrx_word' id='word_1_59' title='bbox 464 749 623 790; x_wconf 83' lang='lat' dir='ltr'>factum</span> <span class='ocrx_word' id='word_1_60' title='bbox 657 761 703 789; x_wconf 80' lang='lat' dir='ltr'>ex</span> <span class='ocrx_word' id='word_1_61' title='bbox 736 748 893 790; x_wconf 81' lang='grc'><strong>01111109</strong></span> <span class='ocrx_word' id='word_1_62' title='bbox 957 749 1162 801; x_wconf 89' lang='lat' dir='ltr'>quomodo</span> <span class='ocrx_word' id='word_1_63' title='bbox 1204 749 1473 802; x_wconf 69' lang='lat' dir='ltr'>potueramus</span> <span class='ocrx_word' id='word_1_64' title='bbox 1513 761 1702 790; x_wconf 86' lang='lat' dir='ltr'>crescere</span> <span class='ocrx_word' id='word_1_65' title='bbox 1733 748 1775 789; x_wconf 89' lang='grc'>111</span> 
     </span>
     <span class='ocr_line' id='line_1_9' title="bbox 270 817 1773 871; baseline -0.001 -13"><span class='ocrx_word' id='word_1_66' title='bbox 270 818 339 858; x_wconf 85' lang='grc'><strong>1110</strong></span> <span class='ocrx_word' id='word_1_67' title='bbox 381 818 449 870; x_wconf 90' lang='lat' dir='ltr'>qui</span> <span class='ocrx_word' id='word_1_68' title='bbox 490 831 568 859; x_wconf 90' lang='grc'><strong>11011</strong></span> <span class='ocrx_word' id='word_1_69' title='bbox 611 817 864 859; x_wconf 87' lang='lat' dir='ltr'>ambulaturi</span> <span class='ocrx_word' id='word_1_70' title='bbox 898 831 1062 859; x_wconf 91' lang='lat' dir='ltr'>eramus</span> <span class='ocrx_word' id='word_1_71' title='bbox 1095 819 1135 859; x_wconf 91' lang='lat' dir='ltr'>in</span> <span class='ocrx_word' id='word_1_72' title='bbox 1167 818 1360 859; x_wconf 87' lang='lat' dir='ltr'>ueritate.</span> <span class='ocrx_word' id='word_1_73' title='bbox 1405 831 1453 859; x_wconf 79' lang='lat' dir='ltr'>ex</span> <span class='ocrx_word' id='word_1_74' title='bbox 1485 830 1564 871; x_wconf 92' lang='lat' dir='ltr'>quo</span> <span class='ocrx_word' id='word_1_75' title='bbox 1596 817 1637 858; x_wconf 87' lang='lat' dir='ltr'>te</span> <span class='ocrx_word' id='word_1_76' title='bbox 1669 817 1773 858; x_wconf 87' lang='lat' dir='ltr'>fuis-</span> 
     </span>
     <span class='ocr_line' id='line_1_10' title="bbox 271 887 1774 939; baseline 0.001 -13"><span class='ocrx_word' id='word_1_77' title='bbox 271 899 408 927; x_wconf 80' lang='lat' dir='ltr'>semus</span> <span class='ocrx_word' id='word_1_78' title='bbox 443 887 680 939; x_wconf 86' lang='lat' dir='ltr'>apostatam</span> <span class='ocrx_word' id='word_1_79' title='bbox 714 887 877 928; x_wconf 89' lang='grc'><strong>80011119</strong></span> <span class='ocrx_word' id='word_1_80' title='bbox 939 887 1088 928; x_wconf 86' lang='lat' dir='ltr'>deinde</span> <span class='ocrx_word' id='word_1_81' title='bbox 1121 900 1215 928; x_wconf 90' lang='grc'><strong>011111</strong></span> <span class='ocrx_word' id='word_1_82' title='bbox 1250 887 1383 928; x_wconf 78' lang='lat' dir='ltr'>dicat:</span> <span class='ocrx_word' id='word_1_83' title='bbox 1416 888 1638 928; x_wconf 73' lang='lat' dir='ltr'>ueritatem</span> <span class='ocrx_word' id='word_1_84' title='bbox 1668 887 1774 939; x_wconf 80' lang='lat' dir='ltr'>faci-</span> 
     </span>
     <span class='ocr_line' id='line_1_11' title="bbox 269 955 1775 1009; baseline 0.001 -14"><span class='ocrx_word' id='word_1_85' title='bbox 269 958 379 995; x_wconf 71' lang='lat' dir='ltr'>entes</span> <span class='ocrx_word' id='word_1_86' title='bbox 411 969 644 997; x_wconf 78' lang='lat' dir='ltr'>crescamus</span> <span class='ocrx_word' id='word_1_87' title='bbox 673 956 722 996; x_wconf 88' lang='lat' dir='ltr'>in</span> <span class='ocrx_word' id='word_1_88' title='bbox 742 956 931 1009; x_wconf 75' lang='lat' dir='ltr'>caritate,</span> <span class='ocrx_word' id='word_1_89' title='bbox 965 957 1005 996; x_wconf 86' lang='grc'>01</span> <span class='ocrx_word' id='word_1_90' title='bbox 1028 956 1081 996; x_wconf 88' lang='grc'>811</span> <span class='ocrx_word' id='word_1_91' title='bbox 1102 955 1371 997; x_wconf 85' lang='lat' dir='ltr'>manifestum</span> <span class='ocrx_word' id='word_1_92' title='bbox 1394 956 1635 997; x_wconf 81' lang='lat' dir='ltr'>criminibus</span> <span class='ocrx_word' id='word_1_93' title='bbox 1657 955 1775 997; x_wconf 87' lang='lat' dir='ltr'>falsis</span> 
     </span>
     <span class='ocr_line' id='line_1_12' title="bbox 265 1024 1774 1078; baseline 0.001 -15"><span class='ocrx_word' id='word_1_94' title='bbox 265 1024 444 1076; x_wconf 88' lang='lat' dir='ltr'>petitum</span> <span class='ocrx_word' id='word_1_95' title='bbox 477 1024 544 1065; x_wconf 89' lang='lat' dir='ltr'>dei</span> <span class='ocrx_word' id='word_1_96' title='bbox 577 1025 840 1066; x_wconf 72' lang='lat' dir='ltr'>sacerdotem</span> <span class='ocrx_word' id='word_1_97' title='bbox 871 1038 944 1078; x_wconf 89' lang='lat' dir='ltr'>per</span> <span class='ocrx_word' id='word_1_98' title='bbox 964 1026 1006 1066; x_wconf 89' lang='lat' dir='ltr'>te</span> <span class='ocrx_word' id='word_1_99' title='bbox 1030 1037 1076 1066; x_wconf 89' lang='lat' dir='ltr'>ac</span> <span class='ocrx_word' id='word_1_100' title='bbox 1100 1026 1195 1067; x_wconf 90' lang='lat' dir='ltr'>tuos</span> <span class='ocrx_word' id='word_1_101' title='bbox 1218 1025 1506 1074; x_wconf 84' lang='lat' dir='ltr'>Athanasium,</span> <span class='ocrx_word' id='word_1_102' title='bbox 1540 1024 1574 1066; x_wconf 92' lang='grc'>81</span> <span class='ocrx_word' id='word_1_103' title='bbox 1597 1037 1646 1066; x_wconf 87' lang='lat' dir='ltr'>ea</span> <span class='ocrx_word' id='word_1_104' title='bbox 1668 1037 1774 1077; x_wconf 89' lang='lat' dir='ltr'>quae</span> 
     </span>
     <span class='ocr_line' id='line_1_13' title="bbox 267 1093 1774 1146; baseline 0.001 -13"><span class='ocrx_word' id='word_1_105' title='bbox 267 1093 448 1146; x_wconf 89' lang='lat' dir='ltr'>imperas</span> <span class='ocrx_word' id='word_1_106' title='bbox 481 1093 740 1144; x_wconf 88' lang='lat' dir='ltr'>fecissemus,</span> <span class='ocrx_word' id='word_1_107' title='bbox 790 1094 997 1146; x_wconf 90' lang='lat' dir='ltr'>quomodo</span> <span class='ocrx_word' id='word_1_108' title='bbox 1039 1094 1111 1134; x_wconf 88' lang='lat' dir='ltr'>aut</span> <span class='ocrx_word' id='word_1_109' title='bbox 1141 1094 1181 1135; x_wconf 90' lang='lat' dir='ltr'>in</span> <span class='ocrx_word' id='word_1_110' title='bbox 1215 1094 1392 1135; x_wconf 88' lang='lat' dir='ltr'>ueritate</span> <span class='ocrx_word' id='word_1_111' title='bbox 1425 1094 1496 1135; x_wconf 91' lang='lat' dir='ltr'>aut</span> <span class='ocrx_word' id='word_1_112' title='bbox 1526 1093 1566 1133; x_wconf 92' lang='lat' dir='ltr'>in</span> <span class='ocrx_word' id='word_1_113' title='bbox 1599 1093 1774 1134; x_wconf 86' lang='lat' dir='ltr'>caritate</span> 
     </span>
     <span class='ocr_line' id='line_1_14' title="bbox 267 1162 1774 1215; baseline 0.001 -14"><span class='ocrx_word' id='word_1_114' title='bbox 267 1174 433 1203; x_wconf 72' lang='lat' dir='ltr'>currere</span> <span class='ocrx_word' id='word_1_115' title='bbox 482 1162 695 1214; x_wconf 87' lang='lat' dir='ltr'>conspecti</span> <span class='ocrx_word' id='word_1_116' title='bbox 736 1162 959 1203; x_wconf 85' lang='lat' dir='ltr'>fuissemus</span> <span class='ocrx_word' id='word_1_117' title='bbox 1003 1162 1073 1215; x_wconf 88' lang='lat' dir='ltr'>qui</span> <span class='ocrx_word' id='word_1_118' title='bbox 1112 1163 1153 1204; x_wconf 87' lang='lat' dir='ltr'>et</span> <span class='ocrx_word' id='word_1_119' title='bbox 1192 1163 1413 1203; x_wconf 83' lang='lat' dir='ltr'>caritatem</span> <span class='ocrx_word' id='word_1_120' title='bbox 1456 1162 1774 1204; x_wconf 71' lang='lat' dir='ltr'>extinxissemus</span> 
     </span>
     <span class='ocr_line' id='line_1_15' title="bbox 267 1231 1774 1284; baseline 0.001 -14"><span class='ocrx_word' id='word_1_121' title='bbox 267 1243 390 1282; x_wconf 89' lang='lat' dir='ltr'>quam</span> <span class='ocrx_word' id='word_1_122' title='bbox 420 1231 612 1272; x_wconf 89' lang='lat' dir='ltr'>tenemus</span> <span class='ocrx_word' id='word_1_123' title='bbox 635 1244 731 1272; x_wconf 87' lang='lat' dir='ltr'>cum</span> <span class='ocrx_word' id='word_1_124' title='bbox 753 1231 1000 1284; x_wconf 88' lang='lat' dir='ltr'>coepiscopo</span> <span class='ocrx_word' id='word_1_125' title='bbox 1024 1232 1163 1273; x_wconf 86' lang='lat' dir='ltr'>nostro</span> <span class='ocrx_word' id='word_1_126' title='bbox 1187 1231 1449 1273; x_wconf 74' lang='lat' dir='ltr'>Athanasio?</span> <span class='ocrx_word' id='word_1_127' title='bbox 1483 1231 1524 1272; x_wconf 92' lang='lat' dir='ltr'>et</span> <span class='ocrx_word' id='word_1_128' title='bbox 1547 1231 1643 1284; x_wconf 88' lang='lat' dir='ltr'>quia</span> <span class='ocrx_word' id='word_1_129' title='bbox 1669 1231 1774 1272; x_wconf 85' lang='lat' dir='ltr'>falso</span> 
     </span>
     <span class='ocr_line' id='line_1_16' title="bbox 265 1300 1775 1353; baseline -0.001 -12"><span class='ocrx_word' id='word_1_130' title='bbox 265 1302 621 1353; x_wconf 79' lang='lat' dir='ltr'>temperassemus</span> <span class='ocrx_word' id='word_1_131' title='bbox 654 1300 830 1350; x_wconf 78' lang='lat' dir='ltr'>crimini,</span> <span class='ocrx_word' id='word_1_132' title='bbox 866 1301 906 1341; x_wconf 86' lang='lat' dir='ltr'>et</span> <span class='ocrx_word' id='word_1_133' title='bbox 937 1300 1015 1353; x_wconf 89' lang='lat' dir='ltr'>ipsi</span> <span class='ocrx_word' id='word_1_134' title='bbox 1046 1300 1123 1341; x_wconf 87' lang='lat' dir='ltr'>tibi</span> <span class='ocrx_word' id='word_1_135' title='bbox 1146 1300 1287 1341; x_wconf 86' lang='lat' dir='ltr'>fallaci</span> <span class='ocrx_word' id='word_1_136' title='bbox 1311 1300 1351 1341; x_wconf 88' lang='lat' dir='ltr'>in</span> <span class='ocrx_word' id='word_1_137' title='bbox 1374 1300 1606 1341; x_wconf 82' lang='lat' dir='ltr'>innocentis</span> <span class='ocrx_word' id='word_1_138' title='bbox 1630 1312 1775 1341; x_wconf 87' lang='lat' dir='ltr'>necem</span> 
     </span>
     <span class='ocr_line' id='line_1_17' title="bbox 269 1368 1773 1422; baseline 0 -13"><span class='ocrx_word' id='word_1_139' title='bbox 269 1369 397 1409; x_wconf 87' lang='grc'><strong>11111011</strong></span> <span class='ocrx_word' id='word_1_140' title='bbox 429 1369 571 1410; x_wconf 85' lang='lat' dir='ltr'>tecum</span> <span class='ocrx_word' id='word_1_141' title='bbox 603 1382 859 1410; x_wconf 82' lang='lat' dir='ltr'>mereremur</span> <span class='ocrx_word' id='word_1_142' title='bbox 893 1368 1034 1409; x_wconf 90' lang='lat' dir='ltr'>diuina</span> <span class='ocrx_word' id='word_1_143' title='bbox 1065 1368 1350 1422; x_wconf 78' lang='lat' dir='ltr'>indignatione</span> <span class='ocrx_word' id='word_1_144' title='bbox 1372 1369 1546 1422; x_wconf 79' lang='lat' dir='ltr'>percuti,</span> <span class='ocrx_word' id='word_1_145' title='bbox 1581 1368 1637 1410; x_wconf 90' lang='grc'>810</span> <span class='ocrx_word' id='word_1_146' title='bbox 1663 1381 1773 1422; x_wconf 83' lang='lat' dir='ltr'>ergo,</span> 
     </span>
     <span class='ocr_line' id='line_1_18' title="bbox 266 1437 1774 1491; baseline 0 -13"><span class='ocrx_word' id='word_1_147' title='bbox 266 1437 497 1488; x_wconf 78' lang='lat' dir='ltr'>Constanti,</span> <span class='ocrx_word' id='word_1_148' title='bbox 534 1437 781 1479; x_wconf 87' lang='lat' dir='ltr'>aedificatur</span> <span class='ocrx_word' id='word_1_149' title='bbox 814 1438 961 1479; x_wconf 90' lang='lat' dir='ltr'>domus</span> <span class='ocrx_word' id='word_1_150' title='bbox 996 1438 1063 1479; x_wconf 89' lang='lat' dir='ltr'>dei</span> <span class='ocrx_word' id='word_1_151' title='bbox 1093 1450 1166 1491; x_wconf 86' lang='lat' dir='ltr'>per</span> <span class='ocrx_word' id='word_1_152' title='bbox 1198 1437 1423 1488; x_wconf 83' lang='lat' dir='ltr'>fallaciam,</span> <span class='ocrx_word' id='word_1_153' title='bbox 1456 1450 1529 1490; x_wconf 87' lang='lat' dir='ltr'>per</span> <span class='ocrx_word' id='word_1_154' title='bbox 1562 1437 1774 1491; x_wconf 83' lang='lat' dir='ltr'>sanguinis</span> 
     </span>
     <span class='ocr_line' id='line_1_19' title="bbox 264 1506 1772 1559; baseline 0 -13"><span class='ocrx_word' id='word_1_155' title='bbox 264 1507 546 1547; x_wconf 85' lang='lat' dir='ltr'>innocentium</span> <span class='ocrx_word' id='word_1_156' title='bbox 581 1506 800 1555; x_wconf 73' lang='lat' dir='ltr'>fusionem,</span> <span class='ocrx_word' id='word_1_157' title='bbox 833 1519 905 1559; x_wconf 89' lang='lat' dir='ltr'>per</span> <span class='ocrx_word' id='word_1_158' title='bbox 937 1506 1294 1559; x_wconf 84' lang='lat' dir='ltr'>praedicationem</span> <span class='ocrx_word' id='word_1_159' title='bbox 1325 1506 1643 1559; x_wconf 70' lang='lat' dir='ltr'>blasphemam?</span> <span class='ocrx_word' id='word_1_160' title='bbox 1694 1518 1772 1547; x_wconf 86' lang='lat' dir='ltr'>uae</span> 
     </span>
     <span class='ocr_line' id='line_1_20' title="bbox 264 1574 1774 1628; baseline -0.001 -13"><span class='ocrx_word' id='word_1_161' title='bbox 264 1575 338 1616; x_wconf 78' lang='lat' dir='ltr'>tibi</span> <span class='ocrx_word' id='word_1_162' title='bbox 372 1575 442 1628; x_wconf 89' lang='lat' dir='ltr'>qui</span> <span class='ocrx_word' id='word_1_163' title='bbox 476 1575 527 1616; x_wconf 84' lang='lat' dir='ltr'>ad</span> <span class='ocrx_word' id='word_1_164' title='bbox 560 1576 635 1616; x_wconf 85' lang='lat' dir='ltr'>hoc</span> <span class='ocrx_word' id='word_1_165' title='bbox 671 1575 727 1616; x_wconf 92' lang='lat' dir='ltr'>sis</span> <span class='ocrx_word' id='word_1_166' title='bbox 759 1574 921 1624; x_wconf 88' lang='lat' dir='ltr'>uiuens,</span> <span class='ocrx_word' id='word_1_167' title='bbox 955 1576 1000 1615; x_wconf 89' lang='lat' dir='ltr'>ut</span> <span class='ocrx_word' id='word_1_168' title='bbox 1032 1575 1134 1616; x_wconf 88' lang='lat' dir='ltr'>haec</span> <span class='ocrx_word' id='word_1_169' title='bbox 1169 1575 1322 1616; x_wconf 88' lang='lat' dir='ltr'>cuncta</span> <span class='ocrx_word' id='word_1_170' title='bbox 1352 1575 1466 1616; x_wconf 87' lang='lat' dir='ltr'>mala</span> <span class='ocrx_word' id='word_1_171' title='bbox 1496 1587 1569 1628; x_wconf 90' lang='lat' dir='ltr'>per</span> <span class='ocrx_word' id='word_1_172' title='bbox 1590 1576 1632 1616; x_wconf 88' lang='lat' dir='ltr'>te</span> <span class='ocrx_word' id='word_1_173' title='bbox 1654 1575 1774 1628; x_wconf 86' lang='lat' dir='ltr'>gerat</span> 
     </span>
     <span class='ocr_line' id='line_1_21' title="bbox 265 1644 468 1685; baseline 0.005 -1"><span class='ocrx_word' id='word_1_174' title='bbox 265 1644 468 1685; x_wconf 81' lang='lat' dir='ltr'>diabolus.</span> 
     </span>
    </p>

    <p class='ocr_par' dir='ltr' id='par_1_3' title="bbox 263 1712 1773 1972">
     <span class='ocr_line' id='line_1_22' title="bbox 319 1712 1772 1765; baseline -0.001 -11"><span class='ocrx_word' id='word_1_175' title='bbox 319 1713 473 1754; x_wconf 85' lang='lat' dir='ltr'>XXXI.</span> <span class='ocrx_word' id='word_1_176' title='bbox 519 1713 581 1753; x_wconf 89' lang='lat' dir='ltr'>Tu</span> <span class='ocrx_word' id='word_1_177' title='bbox 612 1712 714 1753; x_wconf 91' lang='lat' dir='ltr'>mihi</span> <span class='ocrx_word' id='word_1_178' title='bbox 749 1712 875 1753; x_wconf 87' lang='lat' dir='ltr'>dicis:</span> <span class='ocrx_word' id='word_1_179' title='bbox 916 1712 1031 1765; x_wconf 72' lang='lat' dir='ltr'>puni</span> <span class='ocrx_word' id='word_1_180' title='bbox 1070 1713 1343 1763; x_wconf 68' lang='lat' dir='ltr'>innocentem,</span> <span class='ocrx_word' id='word_1_181' title='bbox 1377 1713 1617 1765; x_wconf 74' lang='lat' dir='ltr'>derelinque</span> <span class='ocrx_word' id='word_1_182' title='bbox 1647 1713 1772 1765; x_wconf 71' lang='lat' dir='ltr'>fidem</span> 
     </span>
     <span class='ocr_line' id='line_1_23' title="bbox 263 1780 1771 1835; baseline 0.001 -13"><span class='ocrx_word' id='word_1_183' title='bbox 263 1782 516 1824; x_wconf 71' lang='lat' dir='ltr'>catholicam</span> <span class='ocrx_word' id='word_1_184' title='bbox 548 1785 671 1834; x_wconf 73' lang='lat' dir='ltr'>atque</span> <span class='ocrx_word' id='word_1_185' title='bbox 702 1782 866 1833; x_wconf 75' lang='lat' dir='ltr'>suscipe</span> <span class='ocrx_word' id='word_1_186' title='bbox 905 1794 1070 1822; x_wconf 85' lang='lat' dir='ltr'>uenena</span> <span class='ocrx_word' id='word_1_187' title='bbox 1102 1780 1290 1822; x_wconf 78' lang='lat' dir='ltr'>haeresis</span> <span class='ocrx_word' id='word_1_188' title='bbox 1321 1795 1449 1835; x_wconf 80' lang='lat' dir='ltr'>meae,</span> <span class='ocrx_word' id='word_1_189' title='bbox 1492 1782 1533 1822; x_wconf 88' lang='lat' dir='ltr'>et</span> <span class='ocrx_word' id='word_1_190' title='bbox 1575 1781 1639 1822; x_wconf 89' lang='lat' dir='ltr'>est</span> <span class='ocrx_word' id='word_1_191' title='bbox 1671 1793 1771 1834; x_wconf 88' lang='lat' dir='ltr'>apo-</span> 
     </span>
     <span class='ocr_line' id='line_1_24' title="bbox 263 1849 1773 1902; baseline 0 -11"><span class='ocrx_word' id='word_1_192' title='bbox 263 1850 397 1891; x_wconf 84' lang='lat' dir='ltr'>stolus</span> <span class='ocrx_word' id='word_1_193' title='bbox 430 1850 595 1891; x_wconf 86' lang='lat' dir='ltr'>diceus:</span> <span class='ocrx_word' id='word_1_194' title='bbox 628 1849 701 1891; x_wconf 79' lang='lat' dir='ltr'>hoc</span> <span class='ocrx_word' id='word_1_195' title='bbox 732 1850 876 1902; x_wconf 79' lang='lat' dir='ltr'>itaque</span> <span class='ocrx_word' id='word_1_196' title='bbox 907 1850 999 1891; x_wconf 84' lang='lat' dir='ltr'>dico</span> <span class='ocrx_word' id='word_1_197' title='bbox 1031 1852 1071 1890; x_wconf 69' lang='lat' dir='ltr'>et</span> <span class='ocrx_word' id='word_1_198' title='bbox 1102 1850 1298 1902; x_wconf 72' lang='lat' dir='ltr'>testificor</span> <span class='ocrx_word' id='word_1_199' title='bbox 1328 1850 1377 1891; x_wconf 86' lang='lat' dir='ltr'>in</span> <span class='ocrx_word' id='word_1_200' title='bbox 1407 1850 1586 1900; x_wconf 81' lang='lat' dir='ltr'>domino,</span> <span class='ocrx_word' id='word_1_201' title='bbox 1618 1854 1773 1892; x_wconf 78' lang='lat' dir='ltr'>utnon</span> 
     </span>
     <span class='ocr_line' id='line_1_25' title="bbox 264 1918 1772 1972; baseline -0.001 -12"><span class='ocrx_word' id='word_1_202' title='bbox 264 1919 453 1971; x_wconf 69' lang='lat' dir='ltr'>atnplius</span> <span class='ocrx_word' id='word_1_203' title='bbox 483 1918 719 1969; x_wconf 71' lang='lat' dir='ltr'>ambuletis,</span> <span class='ocrx_word' id='word_1_204' title='bbox 751 1919 864 1959; x_wconf 75' lang='lat' dir='ltr'>sicut</span> <span class='ocrx_word' id='word_1_205' title='bbox 894 1921 931 1959; x_wconf 76' lang='lat' dir='ltr'>el</span> <span class='ocrx_word' id='word_1_206' title='bbox 959 1920 1100 1972; x_wconf 74' lang='lat' dir='ltr'>yenles</span> <span class='ocrx_word' id='word_1_207' title='bbox 1131 1919 1354 1961; x_wconf 80' lang='lat' dir='ltr'>ambulant</span> <span class='ocrx_word' id='word_1_208' title='bbox 1374 1919 1423 1960; x_wconf 90' lang='lat' dir='ltr'>in</span> <span class='ocrx_word' id='word_1_209' title='bbox 1444 1921 1638 1960; x_wconf 74' lang='lat' dir='ltr'>uanitate</span> <span class='ocrx_word' id='word_1_210' title='bbox 1658 1932 1772 1960; x_wconf 88' lang='lat' dir='ltr'>men-</span> 
     </span>
    </p>
   </div>
   <div class='ocr_carea' id='block_1_2' title="bbox 262 1987 1826 2042">
    <p class='ocr_par' dir='ltr' id='par_1_4' title="bbox 262 1987 1826 2042">
     <span class='ocr_line' id='line_1_26' title="bbox 262 1987 1826 2042; baseline 0.002 -16"><span class='ocrx_word' id='word_1_211' title='bbox 262 1988 314 2027; x_wconf 50' lang='lat' dir='ltr'>iis</span> <span class='ocrx_word' id='word_1_212' title='bbox 345 2000 459 2039; x_wconf 84' lang='lat' dir='ltr'>suae,</span> <span class='ocrx_word' id='word_1_213' title='bbox 492 1988 706 2029; x_wconf 73' lang='lat' dir='ltr'>obscurati</span> <span class='ocrx_word' id='word_1_214' title='bbox 734 1988 783 2028; x_wconf 88' lang='lat' dir='ltr'>in</span> <span class='ocrx_word' id='word_1_215' title='bbox 813 1987 1040 2042; x_wconf 74' lang='lat' dir='ltr'>intellectu,</span> <span class='ocrx_word' id='word_1_216' title='bbox 1077 1987 1257 2028; x_wconf 78' lang='lat' dir='ltr'>alicnati</span> <span class='ocrx_word' id='word_1_217' title='bbox 1279 2001 1307 2028; x_wconf 93' lang='lat' dir='ltr'>a</span> <span class='ocrx_word' id='word_1_218' title='bbox 1328 1988 1422 2029; x_wconf 73' lang='lat' dir='ltr'>uita</span> <span class='ocrx_word' id='word_1_219' title='bbox 1443 1988 1524 2038; x_wconf 81' lang='lat' dir='ltr'>dei,</span> <span class='ocrx_word' id='word_1_220' title='bbox 1549 2001 1631 2040; x_wconf 72' lang='lat' dir='ltr'>per</span> <span class='ocrx_word' id='word_1_221' title='bbox 1651 1988 1772 2042; x_wconf 75' lang='lat' dir='ltr'>iyno-</span> <span class='ocrx_word' id='word_1_222' title='bbox 1811 2008 1826 2023; x_wconf 58' lang='lat' dir='ltr'>a</span> 
     </span>
    </p>
   </div>
   <div class='ocr_carea' id='block_1_3' title="bbox 260 2056 1773 2522">
    <p class='ocr_par' dir='ltr' id='par_1_5' title="bbox 260 2056 1773 2522">
     <span class='ocr_line' id='line_1_27' title="bbox 260 2056 1772 2111; baseline 0.001 -15"><span class='ocrx_word' id='word_1_223' title='bbox 260 2057 453 2097; x_wconf 57' lang='lat' dir='ltr'>rentiam</span> <span class='ocrx_word' id='word_1_224' title='bbox 483 2071 589 2109; x_wconf 76' lang='lat' dir='ltr'>quae</span> <span class='ocrx_word' id='word_1_225' title='bbox 620 2060 680 2099; x_wconf 71' lang='lat' dir='ltr'>est</span> <span class='ocrx_word' id='word_1_226' title='bbox 708 2057 757 2098; x_wconf 85' lang='lat' dir='ltr'>in</span> <span class='ocrx_word' id='word_1_227' title='bbox 787 2056 892 2111; x_wconf 86' lang='lat' dir='ltr'>illis,</span> <span class='ocrx_word' id='word_1_228' title='bbox 919 2059 1098 2109; x_wconf 74' lang='lat' dir='ltr'>propter</span> <span class='ocrx_word' id='word_1_229' title='bbox 1128 2057 1369 2098; x_wconf 74' lang='lat' dir='ltr'>caecitatem</span> <span class='ocrx_word' id='word_1_230' title='bbox 1401 2057 1538 2098; x_wconf 79' lang='lat' dir='ltr'>cordis</span> <span class='ocrx_word' id='word_1_231' title='bbox 1568 2058 1772 2108; x_wconf 71' lang='lat' dir='ltr'>ipsorum-</span> 
     </span>
     <span class='ocr_line' id='line_1_28' title="bbox 263 2124 1772 2178; baseline 0.001 -14"><span class='ocrx_word' id='word_1_232' title='bbox 263 2125 331 2165; x_wconf 84' lang='lat' dir='ltr'>cui</span> <span class='ocrx_word' id='word_1_233' title='bbox 364 2125 583 2166; x_wconf 86' lang='lat' dir='ltr'>oboediam</span> <span class='ocrx_word' id='word_1_234' title='bbox 615 2125 833 2166; x_wconf 79' lang='lat' dir='ltr'>uestrum?</span> <span class='ocrx_word' id='word_1_235' title='bbox 882 2124 1012 2165; x_wconf 89' lang='lat' dir='ltr'>tibine</span> <span class='ocrx_word' id='word_1_236' title='bbox 1046 2137 1096 2165; x_wconf 86' lang='lat' dir='ltr'>an</span> <span class='ocrx_word' id='word_1_237' title='bbox 1130 2125 1349 2178; x_wconf 78' lang='lat' dir='ltr'>apostolo?</span> <span class='ocrx_word' id='word_1_238' title='bbox 1393 2125 1522 2166; x_wconf 87' lang='lat' dir='ltr'>tibine</span> <span class='ocrx_word' id='word_1_239' title='bbox 1556 2124 1772 2177; x_wconf 83' lang='lat' dir='ltr'>apostatae</span> 
     </span>
     <span class='ocr_line' id='line_1_29' title="bbox 261 2193 1773 2247; baseline 0 -14"><span class='ocrx_word' id='word_1_240' title='bbox 261 2193 467 2246; x_wconf 84' lang='lat' dir='ltr'>sacrilego</span> <span class='ocrx_word' id='word_1_241' title='bbox 509 2207 559 2235; x_wconf 89' lang='lat' dir='ltr'>an</span> <span class='ocrx_word' id='word_1_242' title='bbox 599 2193 661 2234; x_wconf 88' lang='lat' dir='ltr'>illi</span> <span class='ocrx_word' id='word_1_243' title='bbox 702 2194 772 2246; x_wconf 93' lang='lat' dir='ltr'>qui</span> <span class='ocrx_word' id='word_1_244' title='bbox 810 2193 895 2234; x_wconf 91' lang='lat' dir='ltr'>iam</span> <span class='ocrx_word' id='word_1_245' title='bbox 937 2193 1096 2235; x_wconf 88' lang='lat' dir='ltr'>fudisse</span> <span class='ocrx_word' id='word_1_246' title='bbox 1129 2193 1373 2247; x_wconf 85' lang='lat' dir='ltr'>sauguinem</span> <span class='ocrx_word' id='word_1_247' title='bbox 1405 2193 1572 2247; x_wconf 86' lang='lat' dir='ltr'>propter</span> <span class='ocrx_word' id='word_1_248' title='bbox 1602 2193 1773 2234; x_wconf 90' lang='lat' dir='ltr'>unicum</span> 
     </span>
     <span class='ocr_line' id='line_1_30' title="bbox 264 2261 1772 2316; baseline 0 -14"><span class='ocrx_word' id='word_1_249' title='bbox 264 2262 330 2302; x_wconf 85' lang='lat' dir='ltr'>dei</span> <span class='ocrx_word' id='word_1_250' title='bbox 360 2262 598 2303; x_wconf 90' lang='lat' dir='ltr'>inueniatur</span> <span class='ocrx_word' id='word_1_251' title='bbox 629 2261 793 2303; x_wconf 82' lang='grc'><strong>11110109</strong></span> <span class='ocrx_word' id='word_1_252' title='bbox 840 2275 965 2315; x_wconf 87' lang='lat' dir='ltr'>quem</span> <span class='ocrx_word' id='word_1_253' title='bbox 995 2262 1184 2303; x_wconf 86' lang='lat' dir='ltr'>uestrum</span> <span class='ocrx_word' id='word_1_254' title='bbox 1217 2265 1396 2315; x_wconf 77' lang='lat' dir='ltr'>sequar?</span> <span class='ocrx_word' id='word_1_255' title='bbox 1441 2262 1536 2303; x_wconf 88' lang='lat' dir='ltr'>tene</span> <span class='ocrx_word' id='word_1_256' title='bbox 1567 2262 1772 2316; x_wconf 89' lang='lat' dir='ltr'>templum</span> 
     </span>
     <span class='ocr_line' id='line_1_31' title="bbox 262 2329 1772 2384; baseline 0 -13"><span class='ocrx_word' id='word_1_257' title='bbox 262 2331 514 2372; x_wconf 85' lang='lat' dir='ltr'>daemonum</span> <span class='ocrx_word' id='word_1_258' title='bbox 547 2344 595 2372; x_wconf 86' lang='lat' dir='ltr'>an</span> <span class='ocrx_word' id='word_1_259' title='bbox 627 2330 748 2372; x_wconf 88' lang='lat' dir='ltr'>illum</span> <span class='ocrx_word' id='word_1_260' title='bbox 782 2329 849 2371; x_wconf 88' lang='lat' dir='ltr'>dei</span> <span class='ocrx_word' id='word_1_261' title='bbox 879 2330 1114 2383; x_wconf 79' lang='lat' dir='ltr'>templum?</span> <span class='ocrx_word' id='word_1_262' title='bbox 1174 2330 1216 2371; x_wconf 89' lang='grc'>10</span> <span class='ocrx_word' id='word_1_263' title='bbox 1249 2331 1319 2384; x_wconf 89' lang='lat' dir='ltr'>qui</span> <span class='ocrx_word' id='word_1_264' title='bbox 1351 2330 1544 2383; x_wconf 88' lang='lat' dir='ltr'>operibus</span> <span class='ocrx_word' id='word_1_265' title='bbox 1582 2330 1666 2371; x_wconf 89' lang='lat' dir='ltr'>tuis</span> <span class='ocrx_word' id='word_1_266' title='bbox 1700 2330 1772 2371; x_wconf 87' lang='lat' dir='ltr'>aut</span> 
     </span>
     <span class='ocr_line' id='line_1_32' title="bbox 261 2399 1770 2453; baseline 0.001 -14"><span class='ocrx_word' id='word_1_267' title='bbox 261 2399 465 2441; x_wconf 86' lang='lat' dir='ltr'>Iudaeum</span> <span class='ocrx_word' id='word_1_268' title='bbox 507 2400 578 2441; x_wconf 88' lang='lat' dir='ltr'>aut</span> <span class='ocrx_word' id='word_1_269' title='bbox 611 2400 823 2442; x_wconf 90' lang='lat' dir='ltr'>ethnicum</span> <span class='ocrx_word' id='word_1_270' title='bbox 866 2412 958 2442; x_wconf 87' lang='lat' dir='ltr'>esse</span> <span class='ocrx_word' id='word_1_271' title='bbox 993 2399 1184 2441; x_wconf 84' lang='lat' dir='ltr'>declaras</span> <span class='ocrx_word' id='word_1_272' title='bbox 1218 2412 1269 2441; x_wconf 89' lang='lat' dir='ltr'>an</span> <span class='ocrx_word' id='word_1_273' title='bbox 1300 2400 1419 2441; x_wconf 90' lang='lat' dir='ltr'>illum</span> <span class='ocrx_word' id='word_1_274' title='bbox 1451 2399 1521 2453; x_wconf 89' lang='lat' dir='ltr'>qui</span> <span class='ocrx_word' id='word_1_275' title='bbox 1551 2399 1636 2440; x_wconf 89' lang='lat' dir='ltr'>iam</span> <span class='ocrx_word' id='word_1_276' title='bbox 1668 2411 1770 2441; x_wconf 88' lang='lat' dir='ltr'>con-</span> 
     </span>
     <span class='ocr_line' id='line_1_33' title="bbox 261 2467 1770 2522; baseline 0.001 -14"><span class='ocrx_word' id='word_1_277' title='bbox 261 2468 433 2509; x_wconf 86' lang='lat' dir='ltr'>secutus</span> <span class='ocrx_word' id='word_1_278' title='bbox 476 2469 530 2509; x_wconf 89' lang='lat' dir='ltr'>sit</span> <span class='ocrx_word' id='word_1_279' title='bbox 569 2481 641 2522; x_wconf 87' lang='lat' dir='ltr'>per</span> <span class='ocrx_word' id='word_1_280' title='bbox 680 2470 786 2510; x_wconf 88' lang='lat' dir='ltr'>hanc</span> <span class='ocrx_word' id='word_1_281' title='bbox 821 2481 946 2522; x_wconf 88' lang='lat' dir='ltr'>quam</span> <span class='ocrx_word' id='word_1_282' title='bbox 980 2468 1188 2510; x_wconf 84' lang='lat' dir='ltr'>execraris</span> <span class='ocrx_word' id='word_1_283' title='bbox 1219 2467 1347 2509; x_wconf 88' lang='lat' dir='ltr'>fidem</span> <span class='ocrx_word' id='word_1_284' title='bbox 1379 2480 1507 2521; x_wconf 85' lang='lat' dir='ltr'>regna</span> <span class='ocrx_word' id='word_1_285' title='bbox 1541 2467 1770 2509; x_wconf 74' lang='lat' dir='ltr'>caelestia?</span> 
     </span>
    </p>
   </div>
   <div class='ocr_carea' id='block_1_4' title="bbox 400 2627 1085 2671">
    <p class='ocr_par' dir='ltr' id='par_1_6' title="bbox 400 2627 1085 2671">
     <span class='ocr_line' id='line_1_34' title="bbox 400 2627 1085 2671; baseline 0.003 -11"><span class='ocrx_word' id='word_1_286' title='bbox 400 2627 420 2660; x_wconf 76' lang='lat'><strong>9</strong></span> <span class='ocrx_word' id='word_1_287' title='bbox 445 2627 531 2671; x_wconf 83' lang='lat' dir='ltr'>Eph.</span> <span class='ocrx_word' id='word_1_288' title='bbox 557 2627 590 2663; x_wconf 78' lang='lat'>4.</span> <span class='ocrx_word' id='word_1_289' title='bbox 622 2628 664 2661; x_wconf 71' lang='lat'>15</span> <span class='ocrx_word' id='word_1_290' title='bbox 759 2627 802 2660; x_wconf 82' lang='lat'>23</span> <span class='ocrx_word' id='word_1_291' title='bbox 828 2627 875 2662; x_wconf 89' lang='lat' dir='ltr'>ib.</span> <span class='ocrx_word' id='word_1_292' title='bbox 901 2628 933 2663; x_wconf 88' lang='grc'>4.</span> <span class='ocrx_word' id='word_1_293' title='bbox 963 2628 1015 2662; x_wconf 88' lang='grc'>17.</span> <span class='ocrx_word' id='word_1_294' title='bbox 1044 2627 1085 2662; x_wconf 85' lang='grc'>18</span> 
     </span>
    </p>
   </div>
   <div class='ocr_carea' id='block_1_5' title="bbox 257 2762 1677 2865">
    <p class='ocr_par' dir='ltr' id='par_1_7' title="bbox 257 2762 1677 2865">
     <span class='ocr_line' id='line_1_35' title="bbox 329 2762 1677 2804; baseline 0.004 -10"><span class='ocrx_word' id='word_1_295' title='bbox 329 2762 348 2794; x_wconf 77' lang='lat'>7</span> <span class='ocrx_word' id='word_1_296' title='bbox 375 2763 573 2804; x_wconf 80' lang='lat' dir='ltr'>poteramus</span> <span class='ocrx_word' id='word_1_297' title='bbox 599 2764 692 2798; x_wconf 82' lang='lat' dir='ltr'>coni.</span> <span class='ocrx_word' id='word_1_298' title='bbox 720 2764 903 2799; x_wconf 80' lang='lat' dir='ltr'>Latinius</span> <span class='ocrx_word' id='word_1_299' title='bbox 1000 2764 1042 2799; x_wconf 84' lang='lat'>13</span> <span class='ocrx_word' id='word_1_300' title='bbox 1068 2765 1333 2799; x_wconf 77' lang='lat' dir='ltr'>extincxisemus</span> <span class='ocrx_word' id='word_1_301' title='bbox 1435 2764 1478 2798; x_wconf 83' lang='lat'>25</span> <span class='ocrx_word' id='word_1_302' title='bbox 1504 2764 1540 2798; x_wconf 86' lang='grc'>111</span> <span class='ocrx_word' id='word_1_303' title='bbox 1565 2774 1632 2799; x_wconf 84' lang='lat' dir='ltr'>om.</span> <span class='ocrx_word' id='word_1_304' title='bbox 1658 2776 1677 2799; x_wconf 75' lang='lat' dir='ltr'>i·</span> 
     </span>
     <span class='ocr_line' id='line_1_36' title="bbox 257 2815 1466 2865; baseline 0.008 -14"><span class='ocrx_word' id='word_1_305' title='bbox 257 2818 302 2852; x_wconf 73' lang='lat'>28</span> <span class='ocrx_word' id='word_1_306' title='bbox 330 2818 512 2863; x_wconf 82' lang='lat' dir='ltr'>sacrilegio</span> <span class='ocrx_word' id='word_1_307' title='bbox 607 2820 650 2853; x_wconf 81' lang='lat'>32</span> <span class='ocrx_word' id='word_1_308' title='bbox 676 2822 774 2865; x_wconf 84' lang='lat' dir='ltr'>regni</span> <span class='ocrx_word' id='word_1_309' title='bbox 798 2833 844 2856; x_wconf 87' lang='lat' dir='ltr'>m.</span> <span class='ocrx_word' id='word_1_310' title='bbox 870 2825 888 2856; x_wconf 87' lang='lat'><strong><em>1</em></strong></span> <span class='ocrx_word' id='word_1_311' title='bbox 1463 2815 1466 2818; x_wconf 18' lang='grc' dir='ltr'><strong>Δ</strong></span> 
     </span>
    </p>
   </div>
   <div class='ocr_carea' id='block_1_6' title="bbox 1795 973 1826 996">
    <p class='ocr_par' dir='ltr' id='par_1_8' title="bbox 1795 973 1826 996">
     <span class='ocr_line' id='line_1_37' title="bbox 1795 973 1826 996; baseline 0 0"><span class='ocrx_word' id='word_1_312' title='bbox 1795 973 1826 996; x_wconf 80' lang='lat'>10</span> 
     </span>
    </p>
   </div>
   <div class='ocr_carea' id='block_1_7' title="bbox 1796 1314 1826 1337">
    <p class='ocr_par' dir='ltr' id='par_1_9' title="bbox 1796 1314 1826 1337">
     <span class='ocr_line' id='line_1_38' title="bbox 1796 1314 1826 1337; baseline -0.033 0"><span class='ocrx_word' id='word_1_313' title='bbox 1796 1314 1826 1337; x_wconf 74' lang='lat'>15</span> 
     </span>
    </p>
   </div>
   <div class='ocr_carea' id='block_1_8' title="bbox 1793 1660 1825 1685">
    <p class='ocr_par' dir='ltr' id='par_1_10' title="bbox 1793 1660 1825 1685">
     <span class='ocr_line' id='line_1_39' title="bbox 1793 1660 1825 1685; baseline 0.031 -1"><span class='ocrx_word' id='word_1_314' title='bbox 1793 1660 1825 1685; x_wconf 76' lang='lat'>20</span> 
     </span>
    </p>
   </div>
   <div class='ocr_carea' id='block_1_9' title="bbox 1790 2341 1823 2367">
    <p class='ocr_par' dir='ltr' id='par_1_11' title="bbox 1790 2341 1823 2367">
     <span class='ocr_line' id='line_1_40' title="bbox 1790 2341 1823 2367; baseline -0.03 0"><span class='ocrx_word' id='word_1_315' title='bbox 1790 2341 1823 2367; x_wconf 89' lang='grc'>30</span> 
     </span>
    </p>
   </div>
  </div>
 </body>
</html>
