1934 3278
515 245 569 279 De
594 255 664 279 non
689 245 928 280 conueniendo
954 256 1031 280 cum
1056 245 1250 282 haereticis.
1583 252 1634 293 21

135 370 317 423 uiuente,
349 370 420 412 sed
450 371 733 412 consolamini
762 374 918 412 uosmet
939 371 1053 424 ipsos
1074 372 1233 426 cotidie,
1267 373 1396 415 donec
1427 373 1545 417 hodie
1565 389 1637 417 uo-

136 442 269 489 catur,
302 452 353 480 ne
380 439 662 491 praeduretur
692 438 853 492 aliquis
872 453 921 481 ex
942 440 1061 482 uobis
1081 441 1130 482 in
1155 454 1294 482 errore
1307 443 1484 494 peccati.
1528 458 1636 497 par-

135 508 282 561 ticipes
319 508 431 549 enim
464 507 624 550 Christi
661 508 767 560 facti
805 521 961 562 sumus,
1001 509 1206 562 siquidem
1238 511 1506 563 principium
1544 513 1637 554 sub-

134 577 318 618 stantiae
335 589 464 629 usqu-e
487 577 544 618 ad
565 577 692 630 finem
712 577 885 630 firmum
901 578 1168 619 tenuerimus.
1201 578 1303 620 dum
1323 578 1481 620 dicitur
1502 579 1634 630 hodie,

98 646 171 686 ⁵si
217 658 355 686 uocem
402 659 537 687 meam
578 645 827 699 audieritis,
867 645 994 687 nolite
1025 646 1293 698 praedurare
1330 647 1457 689 corda
1493 653 1635 690 uestra

132 714 241 755 sicut
256 718 302 754 in
312 713 635 756 exacerbatione.
658 713 834 767 quidam
854 714 969 755 enim
991 714 1136 756 audito
1153 713 1227 757 hoc
1243 728 1327 757 non
1343 715 1636 769 crediderunt;

131 782 203 824 sed
239 795 326 824 non
368 795 508 824 omnes
546 782 619 835 qui
658 782 853 823 exierunt
890 782 939 824 de
970 783 1159 836 Aeqypto
1189 797 1273 836 per
1305 783 1499 839 Moysen.
1558 785 1633 838 qui

132 854 272 892 autem
304 851 445 904 perosi
489 852 527 892 ei
570 850 747 904 fuerunt
791 852 1086 905 quadraqinta
1126 853 1289 894 annis?
1347 867 1436 895 non
1475 852 1520 894 hi
1559 854 1634 906 qui

121 923 418 973 peccauerunt,
451 933 626 974 quorum
647 919 861 962 cadauera
883 920 1108 962 iacuerunt
1128 921 1176 962 in
1197 921 1458 963 solitudine?
1479 921 1634 975 quibus

78 993 112 1019 1⁰
130 991 270 1030 autem
300 989 466 1031 iurauit
496 1002 581 1031 non
602 990 837 1030 intraturos
862 989 907 1030 in
928 989 1114 1042 requiem
1144 1003 1267 1031 suam
1298 990 1386 1032 nisi
1415 993 1633 1032 contuma-

129 1057 281 1099 cibus?
310 1061 347 1099 et
376 1059 570 1100 uidemus
600 1058 704 1111 quia
735 1071 822 1098 non
850 1060 1079 1110 potuerunt
1107 1058 1273 1100 intrare
1290 1062 1467 1112 propter
1496 1059 1629 1101 incre-

128 1125 364 1169 dulitatem.
397 1127 618 1168 timeamus
648 1126 791 1179 itaque
822 1139 873 1167 ne
903 1139 1005 1167 casu
1025 1125 1218 1168 derelicto
1240 1127 1443 1168 mandato
1463 1127 1631 1170 intrare

128 1195 302 1247 quidam
333 1198 518 1237 uestrum
548 1196 597 1236 in
627 1196 813 1248 requiem
842 1196 931 1237 eius
961 1209 1049 1236 non
1071 1208 1195 1248 posse
1225 1196 1468 1238 uideantur.
1528 1209 1632 1238 nam

128 1266 163 1304 et
195 1264 503 1306 adnuntiatum
534 1267 593 1306 est
623 1263 756 1314 nobis,
792 1264 1142 1317 quemadmodum
1172 1268 1208 1306 et
1230 1264 1333 1316 illis,
1366 1267 1403 1306 et
1423 1278 1509 1307 non
1522 1277 1630 1318 pro-

75 1341 109 1367 15
126 1331 211 1385 fuit
241 1331 330 1373 illis
368 1332 540 1374 uerbum
577 1332 765 1383 auditus,
805 1346 891 1374 non
933 1335 1188 1385 temperatus
1229 1333 1332 1387 fidei
1370 1333 1628 1377 auditorum.

127 1400 382 1442 intrabimus
422 1401 534 1442 enim
571 1402 619 1442 in
657 1401 841 1454 requiem
879 1401 968 1442 eius
1007 1401 1082 1454 qui
1111 1401 1382 1456 credidimus,
1423 1404 1469 1443 ut
1498 1401 1631 1445 dixit.-

125 1470 232 1511 sicut
262 1470 409 1510 iuraui
440 1470 489 1511 in
526 1470 597 1510 ira
626 1482 740 1510 mea:
785 1469 824 1511 si
854 1469 1079 1511 intrabunt
1109 1470 1157 1511 in
1187 1470 1369 1523 requiem
1409 1483 1557 1521 meam,
1591 1472 1629 1511 et

124 1552 218 1579 cum
249 1551 374 1590 opera
405 1538 457 1578 ab
489 1538 653 1591 oriqine
683 1537 835 1579 mundi
862 1539 982 1591 facta
1010 1541 1122 1580 sunt.
1156 1538 1269 1580 dixit
1298 1541 1438 1580 tamen
1469 1538 1627 1581 alicubi

125 1607 173 1648 de
203 1607 270 1648 die
300 1608 499 1659 septimo:
529 1608 589 1648 sic
610 1610 647 1648 et
668 1607 873 1659 requieuit
892 1607 992 1648 deus
1012 1608 1060 1648 in
1080 1608 1146 1649 die
1165 1608 1339 1660 septimo
1362 1611 1415 1649 ab
1436 1608 1629 1650 omnibus

73 1684 108 1710 2⁰
125 1676 318 1729 operibus
335 1676 437 1717 suis.
467 1679 503 1716 et
524 1675 572 1716 in
593 1674 668 1717 hoc
690 1676 868 1717 iterum:
899 1676 936 1717 si
958 1677 1186 1718 intrabunt
1202 1678 1248 1718 in
1269 1677 1454 1729 requiem
1475 1690 1627 1720 meam.

125 1758 219 1798 erqo
250 1745 354 1797 quia
383 1747 566 1797 superest
597 1744 856 1797 reliquorum
887 1745 1051 1786 intrare
1080 1745 1128 1786 in
1158 1745 1294 1796 illam,
1335 1747 1372 1786 et
1402 1743 1448 1785 hi
1478 1744 1628 1797 quibus

116 1815 245 1867 prius
267 1813 571 1866 praedicatum
602 1816 659 1854 est
691 1826 777 1854 non
806 1813 1082 1855 intrauerunt
1094 1816 1274 1867 propter
1298 1814 1622 1855 contumaciam.

123 1895 274 1924 rursus
313 1882 445 1923 aliam
477 1881 706 1934 praefiniit
745 1881 855 1922 diem
894 1880 1015 1923 hodie
1051 1882 1099 1923 in
1129 1880 1281 1923 Dauid
1320 1881 1495 1924 dicendo
1528 1885 1625 1935 post

122 1954 292 1993 tantum
323 1951 534 2003 temporis,
569 1951 677 1992 sieut
708 1953 835 1991 antea
868 1950 1029 1992 dictum
1059 1953 1135 1992 est:
1168 1950 1287 1992 hodie
1316 1951 1353 1992 si
1374 1964 1514 1992 uocem
1536 1951 1626 1992 eius

69 2026 104 2052 ⁸⁵
123 2020 358 2070 audieritis,
392 2019 520 2061 nolite
548 2019 814 2072 praedurare
852 2020 981 2061 corda
1010 2023 1165 2069 uestra,
1205 2020 1406 2073 quoniam
1435 2020 1473 2061 si
1504 2019 1626 2061 Iesus

122 2088 211 2131 illis
241 2089 424 2141 requiem
454 2088 643 2142 dedisset,
677 2102 764 2130 non
793 2087 844 2130 de
874 2087 966 2130 alia
996 2088 1183 2130 dixisset.
1217 2091 1392 2141 postera
1432 2087 1500 2129 die
1530 2101 1625 2142 erqo

122 2160 251 2199 restat
289 2157 449 2210 requies
480 2157 642 2209 populo
682 2157 763 2200 dei.
823 2157 974 2198 etenim
1014 2158 1088 2210 qui
1125 2157 1313 2198 intrauit
1353 2157 1402 2198 in
1438 2157 1625 2209 requiem

121 2227 222 2275 eius,
262 2228 299 2267 et
340 2226 429 2278 ipse
467 2225 673 2278 requieuit
710 2224 762 2266 ab
801 2225 992 2278 operibus
1027 2225 1129 2277 suis,
1170 2226 1277 2267 sieut
1315 2238 1343 2266 a
1381 2225 1472 2266 suis
1508 2226 1622 2266 deus.

121 2294 214 2348 quis
244 2294 332 2335 tam
365 2293 532 2342 stultus.
564 2292 612 2333 ut
632 2304 727 2334 cum
759 2293 862 2334 haec
888 2292 1053 2346 legerit,
1080 2293 1189 2334 haec
1213 2293 1422 2346 acceperit
1454 2305 1477 2333 a
1501 2293 1624 2334 beato

67 2366 102 2392 ⁸⁰
121 2362 323 2416 apostolo.
357 2361 553 2403 deserens
584 2361 711 2402 fidem
735 2361 1009 2415 apostolicam
1031 2362 1243 2415 suscipere
1263 2361 1442 2414 temptet
1474 2361 1623 2401 haere-

120 2434 238 2473 sem?
270 2430 361 2484 quis
389 2443 483 2471 eum
507 2441 658 2483 negare
684 2430 866 2480 audebit,
891 2442 1014 2483 quem
1037 2429 1181 2471 uideat
1204 2430 1414 2470 aeternam
1435 2429 1623 2482 requiem

117 2500 302 2542 tribuere
334 2499 547 2552 potentem
580 2497 848 2540 credentibus
889 2510 946 2547 se,
997 2499 1038 2539 et
1077 2498 1181 2539 uelit
1218 2497 1258 2538 in
1298 2497 1418 2538 illum
1450 2496 1621 2538 credere

119 2580 213 2609 cum
247 2581 327 2621 quo
358 2567 531 2621 incipiat
560 2567 601 2608 in
636 2567 851 2608 aeternum
882 2566 1047 2619 puniri?
1109 2566 1199 2619 quis
1241 2565 1305 2607 est
1334 2565 1432 2607 talis
1466 2565 1544 2606 nisi
1575 2565 1622 2606 tu

119 2636 388 2679 Constantius
420 2637 658 2690 imperator,
691 2637 760 2690 qui
785 2635 1045 2689 dereliquisti
1070 2634 1223 2677 domini
1247 2634 1388 2676 castra
1411 2634 1452 2675 et
1478 2633 1620 2674 trans-

187 2795 202 2828 1
230 2794 381 2829 cotidiae
474 2794 514 2828 21
543 2793 762 2838 reliquorum]
791 2793 924 2838 aliquos
950 2803 1067 2827 corum
1084 2793 1186 2835 fort„
1213 2793 1363 2837 reliquos
1392 2802 1508 2826 eorum
1525 2790 1618 2826 coni.

119 2852 368 2896 Gallandius,·
393 2851 626 2886 ἀπολείπεται
642 2851 743 2890 τινὰς
767 2851 942 2890 ets-ewen
968 2854 1054 2886 text.
1081 2861 1134 2896 qr.
1242 2849 1287 2883 32
1312 2850 1347 2883 in
1373 2859 1409 2883 se
1436 2848 1619 2882 Latinius
