1934 3278
581 236 813 271 uerborum
837 239 878 271 et
903 238 1193 275 locutionum.

110 360 234 403 sputa:
251 368 313 392 nec
330 359 456 393 faciem
474 359 590 394 auerti
608 359 724 404 sputis
739 370 859 395 eorum

156 405 198 438 A.
223 404 290 439 356
315 403 428 451 (bibl.)

111 449 252 484 stabula
275 465 317 480 =
345 450 490 485 ecelesia
515 450 530 484 1
556 451 611 492 33,
637 451 659 485 5
682 452 856 495 (contrar.
887 455 889 492 ἕ

111 495 298 575 ετξῖἰιίἓῗζι)
317 551 464 585 quorum
484 541 722 587 (Iudaeorum)
742 543 859 577 stadia

156 587 306 630 gentiles
332 597 405 620 esse
431 586 597 630 praefecit
622 590 662 623 A.
688 588 767 623 263.
800 600 859 632 per

154 632 337 667 duodecim
363 633 464 666 milia
489 634 607 668 stadia
625 634 698 668 lata
716 635 858 677 (ciuitas
887 682 889 692 .

154 679 327 722 caelestis)
354 678 388 711 11
415 679 446 712 3.
478 679 517 712 16

110 727 183 759 stat
209 727 348 768 tempus
374 724 410 757 in
437 723 540 757 finem
568 725 728 759 fumante
748 725 858 760 Roma

155 772 331 804 maturum
356 783 401 799 =
426 770 581 804 inclinat
597 770 642 814 (?)
668 771 708 806 A.
735 770 801 805 925

109 818 225 850 status
245 841 275 849 ..
297 816 370 849 dies
395 816 435 850 A.
462 816 529 850 994

108 864 249 896 statuta
272 863 429 904 tempora
453 862 592 905 conplet
617 862 657 895 A.
684 862 751 896 886

109 907 241 942 sterilis
290 906 443 941 (sterelis
491 907 607 948 codd.)
647 922 688 937 ε

153 963 303 996 operum
326 953 504 987 bonorum
522 953 537 987 Ι
555 953 610 995 30,
639 954 692 987 18.
709 952 744 988 ΙΙ
766 955 817 996 14,
837 956 857 989 9

109 1002 264 1033 sternere
288 998 362 1032 solo
387 998 427 1032 A.
454 999 521 1034 984

110 1045 260 1078 stibium
293 1043 461 1087 (inducis)
496 1045 532 1078 in
557 1044 667 1079 oculis
692 1044 729 1078 11
758 1046 809 1085 18,
838 1046 856 1079 7

109 1090 230 1124 stifam
260 1090 483 1135 (stipamen‘?)
511 1090 635 1125 ducere
661 1090 678 1124 Ι
703 1090 758 1131 30,
784 1092 805 1125 6

108 1135 242 1180 stipem
269 1135 391 1169 tollere
418 1135 435 1170 1
462 1136 516 1178 17,
543 1136 585 1171 12

109 1181 245 1226 stipula
275 1195 320 1211 =
351 1180 508 1224 κάρφοςε
549 1182 755 1226 conspicitis
793 1182 857 1216 sti-

731 919 858 951 eoepers
887 911 889 938 ἶ·

886 1019 889 1043 l

886 1047 888 1063 1

178 1227 274 1261 ulam
288 1227 530 1262 cohaerentem
547 1228 583 1261 in
598 1229 708 1262 oculis
725 1228 858 1262 nostris
887 1256 889 1258 .

176 1273 193 1307 Ι
218 1273 273 1314 25,
298 1273 320 1308 5
345 1273 453 1314 (bibl.)

109 1318 311 1353 stomachus
346 1333 391 1348 =
427 1328 505 1352 eor:
542 1319 680 1363 pulsare
716 1318 858 1353 domum
887 1318 889 1335 ¹

154 1364 329 1398 stomachi
367 1366 418 1407 (=
461 1368 609 1408 pectus:
645 1364 693 1407 cf.
730 1364 767 1399 11
803 1366 889 1406 2l,}

158 1410 213 1451 13)
239 1409 277 1444 11
302 1411 356 1450 35,
382 1410 404 1443 4

156 1547 343 1583 Marcion.
370 1546 419 1581 II
439 1549 490 1582 88
512 1557 602 1591 sqq-3
628 1549 701 1581 123
726 1558 776 1592 sq.

108 1592 320 1638 strenia(m)
346 1596 522 1627 sectantes
549 1595 589 1627 A.
617 1593 682 1626 762

108 1638 257 1673 stridere
282 1639 387 1672 alicui
413 1652 456 1668 =
481 1638 694 1673 maledicere
726 1640 765 1672 A.
792 1639 857 1673 739

108 1688 180 1718 stro
207 1684 253 1718 ba
278 1697 322 1714 =
345 1685 534 1719 mimorum
551 1684 693 1719 ludicra
711 1685 748 1719 ΙΙ
769 1685 800 1726 7,
818 1686 857 1720 3:
886 1681 889 1697 ²

153 1695 205 1772 cf.)
225 1734 408 1765 comment.

107 1778 323 1810 structuram
350 1786 470 1819 gerere
497 1775 513 1810 1
544 1775 594 1817 10,
615 1777 645 1809 7.
671 1779 736 1810 str.
756 1776 856 1820 sequi

109 1822 251 1901 sussdelffle
276 1822 304 1901 Ξ.
340 1876 412 1902 ace.
440 1877 642 1910 personae.-
673 1867 849 1902 suadeo..

1582 242 1665 285 243

966 361 1100 396 ludicro
1126 373 1190 397 suo
1223 363 1390 398 honorem
1419 364 1472 398 illi
1500 364 1667 409 (Baccho)

964 406 1087 442 dedere
1111 408 1129 443 I
1158 408 1210 452 12,
1240 409 1291 442 17.
1317 408 1383 443 sub
1400 420 1550 454 quorum
1576 421 1669 445 mar-

964 453 1057 497 tyrio
1093 452 1229 488 decima
1266 463 1347 498 pars
1389 455 1530 489 conruit
1571 457 1670 490 urbis

963 499 1006 532 A.
1031 499 1109 533 859.
1147 510 1182 533 se
1214 500 1278 534 sub
1310 499 1425 545 figura
1458 501 1617 546 fatigant
1653 501 1670 536 1

967 544 1019 585 17,
1046 546 1077 579 5.
1104 545 1242 589 patitur
1268 546 1334 579 sub
1361 546 1518 591 imagine
1545 549 1669 581 nostra

964 590 1004 623 A.
1048 590 1126 625 224.
1166 610 1212 616 —-
1256 594 1324 625 tem
1352 592 1474 626 oribus
1514 593 1671 628 alienans

965 635 1271 671 subAntechristo
1300 637 1311 670 1
1359 638 1392 677 3,
1419 638 1451 671 6.
1479 638 1545 672 sub
1564 639 1669 672 Anti-

965 680 1100 714 christo
1118 681 1255 716 deuicto
1275 681 1310 715 11
1329 683 1383 723 39,
1405 683 1457 718 13.
1480 703 1519 710 —
1536 698 1580 713 =
1597 683 1666 717 ὑπό

964 737 990 760 c.
1018 726 1089 760 dat.
1116 727 1193 761 uim
1217 732 1324 771 atque
1349 727 1526 762 dicionem
1553 729 1668 773 siqni-

963 772 1093 814 ticans:
1109 773 1301 807 mittebant
1315 774 1433 818 capita
1447 776 1512 807 sub
1527 775 1670 809 numine

964 818 1066 861 quasi
1085 819 1256 862 praesenti
1278 818 1294 852 Ι
1315 820 1366 859 18,
1385 821 1417 853 5.
1442 818 1507 853 sub
1527 830 1595 863 quo
1608 820 1670 854 fiet

964 868 1059 897 terra
1085 863 1224 898 deserta
1249 864 1266 899 I
1292 866 1346 903 41,
1372 866 1403 898 2.
1432 866 1486 898 fue
1511 865 1577 898 sub
1594 865 1669 901 Deo

967 910 1094 942 bonurn
1122 909 1158 944 II
1185 909 1239 951 30,
1271 910 1303 944 3.
1346 910 1411 944 sub
1438 911 1516 954 lege
1551 911 1669 945 uiuere

965 957 1005 987 A.
1034 955 1108 989 198.
1136 955 1360 989 trucidantur
1386 956 1457 990 isto
1483 956 1548 990 sub
1567 956 1668 990 hoste

965 1003 1004 1033 Α.
1022 1000 1099 1034 822.
1118 1020 1163 1025 -
1180 1000 1244 1033 sub
1270 1011 1298 1035 c.
1325 1012 1397 1036 acc.
1418 1002 1519 1045 plur.
1546 1006 1665 1036 neutr.

961 1057 1040 1090 qen.
1067 1056 1138 1089 pro
1168 1046 1257 1080 abL:
1293 1047 1358 1081 sub
1390 1048 1464 1081 fata
1505 1048 1668 1081 uiuentes

966 1092 982 1126 Ι
1009 1091 1040 1133 7,
1069 1093 1120 1125 11.
1147 1091 1212 1125 sub
1238 1093 1443 1136 mysterial
1466 1093 1518 1133 17,
1544 1094 1576 1131 3.
1603 1094 1667 1127 sub

963 1140 1101 1171 tartara
1137 1137 1282 1181 planges
1316 1137 1332 1172 I
1364 1137 1418 1178 26,
1454 1138 1510 1173 36.
1547 1137 1662 1172 sub..

965 1185 1060 1216 tecta
1094 1189 1274 1216 manentes
1297 1182 1313 1216 I
1338 1184 1392 1222 33,
1428 1184 1459 1217 6.
1498 1183 1573 1217 Noe
1605 1183 1670 1218 sub

964 1231 1121 1272 tempora
1146 1231 1187 1261 A.
1212 1229 1269 1267 41;
1296 1230 1342 1271 cf.
1364 1240 1404 1272 p.
1429 1230 1504 1264 232

919 1274 1100 1353 suauiterl
1114 1276 1259 1317 gustare
1287 1289 1326 1303 =
1361 1285 1441 1309 cum
1478 1275 1667 1318 uoluptate

920 1364 1067 1399 subdere
1093 1375 1128 1398 se
1154 1364 1190 1398 II
1215 1364 1270 1405 31,
1300 1365 1318 1399 7

887 1414 889 1427 ¹
919 1411 1083 1444 subditus
1108 1409 1125 1444 I
1148 1410 1202 1450 30,
1232 1411 1260 1444 7.
1289 1411 1383 1451 180)

108 1458 220 1490 storia
251 1470 297 1485 =
328 1457 560 1501 teyimentum
596 1458 636 1489 A.
682 1457 764 1498 151,-
811 1457 858 1499 cf.
888 1457 889 1460 ’
918 1457 1065 1490 subdole
1090 1456 1106 1490 1
1135 1457 1187 1496 11,
1214 1456 1244 1490 7.
1271 1456 1311 1490 A.
1336 1457 1405 1490 525

153 1505 336 1536 comment.
377 1505 410 1535 et
452 1502 576 1535 incert.
624 1505 719 1537 auct.
769 1503 854 1537 adu.
887 1534 889 1540 ,

919 1502 1105 1536 subdolus:
1132 1501 1283 1536 subdola
1311 1513 1373 1545 pax
1400 1501 1436 1536 II
1461 1503 1516 1542 25,
1543 1501 1574 1535 7.
1613 1503 1660 1535 12.

964 1548 1018 1593 29,
1045 1548 1075 1580 6.
1103 1547 1252 1580 subdola
1279 1548 1394 1580 fronte
1420 1548 1460 1581 A.
1485 1547 1554 1581 425

888 1615 889 1618 =
918 1593 1074 1628 subicere
1092 1607 1134 1623 =
1151 1603 1360 1637 suyyerere:
1392 1592 1568 1626 interdum
1587 1593 1669 1626 sub-

886 1654 889 1665 1

153 1912 247 1947 altos
284 1912 335 1946 sic
371 1917 407 1946 et
443 1913 596 1947 humiles
623 1913 664 1947 A.
690 1913 745 1947 29.
778 1924 856 1947 sua·
887 1944 888 1952 ,

153 1958 276 1993 demur
301 1959 341 1993 A.
359 1958 435 1995 301.
463 1959 600 1993 saeculo
618 1959 713 1993 suasi
733 1959 772 1993 A.
792 1959 856 1993 765

107 2003 172 2037 sub
209 2015 238 2039 e.
275 2003 344 2038 abl.
378 2014 451 2047 pro
482 2014 617 2038 accusa
655 2004 720 2038 sub
752 2006 856 2039 tectis

154 2049 217 2084 illa
247 2050 348 2083 uenit
380 2049 396 2084 Ι
435 2050 486 2090 11,
522 2051 572 2084 16.
613 2050 766 2093 refugite
791 2050 856 2084 sub
886 2051 888 2086 j

153 2103 257 2129 antro
283 2094 301 2129 1
326 2094 381 2135 33,
400 2095 431 2128 7.
457 2096 508 2129 ire
527 2095 591 2129 sub
611 2096 758 2129 barbaro
776 2107 856 2140 rege

155 2140 191 2175 11
218 2142 250 2180 9,
280 2141 311 2174 6.
350 2140 415 2175 sub
441 2140 590 2174 barbaro
616 2151 697 2185 rege
722 2141 856 2186 refugit
886 2171 888 2188 ,

154 2186 192 2220 11
214 2187 266 2228 13,
283 2187 312 2220 4.
342 2187 504 2220 senatum
518 2186 583 2220 sub
603 2187 687 2231 iugo
706 2187 856 2221 mittunt
886 2203 887 2222 ÷

155 2236 194 2266 A.
213 2232 290 2266 820.
318 2234 450 2266 turrem
478 2232 644 2266 fabricare
669 2233 733 2266 sub
750 2233 856 2267 astris

155 2281 195 2312 A.
216 2277 350 2312 165-
366 2278 431 2312 sub
450 2277 517 2311 fine
533 2276 550 2311 I
565 2278 620 2319 41,
641 2278 672 2312 9.
700 2278 766 2311 fine
791 2279 855 2312 sub
885 2313 887 2321 ,

155 2324 231 2367 ipsa
257 2326 298 2357 A.
323 2324 401 2358 398.
440 2323 505 2357 sub
530 2324 606 2367 ipso
632 2324 761 2357 saeculi
788 2324 856 2357 fine
885 2325 887 2337 ¹

155 2372 195 2402 A.
220 2369 296 2404 829.
338 2369 403 2402 sub
438 2370 512 2412 ipso
545 2373 700 2413 tempore
722 2383 768 2400 =
791 2370 856 2404 sub
885 2399 887 2407 .

156 2414 250 2449 idem
287 2418 426 2459 tempus
458 2417 499 2448 A.
532 2415 616 2453 823;
654 2414 699 2457 cf.
727 2417 767 2448 A.
793 2415 855 2449 41:
885 2410 888 2464 J
1251 2460 1254 2463 Ι
1439 2458 1443 2462 ⁴
1635 2456 1641 2462 ι

885 2466 888 2482 ⁹
916 2461 1122 2502 subrepere:
1138 2457 1348 2491 blandiendo
1366 2456 1466 2490 uobis
1484 2455 1663 2500 subrepant

153 2460 228 2494 Noe
253 2461 317 2494 sub
341 2463 509 2504 tempora.
533 2479 580 2485 —
595 2474 639 2490 =
664 2461 705 2494 in
730 2471 759 2495 c.
784 2461 855 2495 abl.

155 2506 219 2539 Dei
244 2505 309 2540 snb
334 2509 476 2550 aspectu
503 2506 519 2540 I
543 2507 598 2545 23,
627 2507 679 2540 14.
712 2506 777 2540 sub
803 2507 855 2539 in-

155 2551 253 2586 ferno
278 2552 491 2586 cruciaberis
518 2551 533 2585 1
559 2551 615 2593 26,
639 2552 671 2585 4.
698 2553 762 2585 sub
787 2562 856 2585 uno
886 2547 887 2592 ᾗ

154 2597 285 2632 morari
309 2611 353 2627 =
377 2608 449 2631 uno
479 2597 554 2631 loco
588 2597 621 2631 11
655 2600 687 2635 2,
716 2598 768 2631 11.
805 2598 855 2635 14.
885 2606 887 2625 1

153 2643 186 2676 8.
223 2642 288 2677 sub
326 2654 394 2677 uno
431 2646 609 2677 momento
646 2642 682 2677 11
717 2642 772 2681 22,
803 2643 856 2676 16.

154 2688 219 2721 sub
255 2688 391 2723 latebra
427 2688 502 2734 (te)
540 2688 646 2722 conde
672 2687 709 2723 11
742 2689 774 2729 9,
802 2687 854 2721 10.

153 2733 219 2767 sub
236 2743 318 2777 pace
336 2733 374 2769 II
394 2734 449 2773 25,
466 2735 498 2767 9.
523 2734 590 2767 sub
616 2744 685 2767 una
705 2732 856 2777 loquella

154 2779 195 2813 A.
224 2776 297 2813 167.
325 2783 542 2814 tormentum
561 2782 616 2813 est
633 2782 761 2817 totum,
787 2788 856 2821 quo
886 2793 887 2800 .

886 2818 888 2830 ¹
916 2822 1123 2856 subtrahere
1147 2831 1182 2853 se
1208 2821 1314 2853 alicui
1341 2832 1383 2849 =
1409 2817 1595 2852 abscedere
1619 2816 1666 2850 ab

155 2825 310 2859 uiuimus
343 2825 411 2859 isto
437 2825 503 2859 sub
529 2835 615 2858 aeuo
642 2825 680 2858 A.
708 2824 786 2857 309.
810 2842 856 2848 —

151 2883 196 2899 =
233 2880 293 2913 per
329 2870 471 2905 modum
510 2870 742 2914 siynificcms:
790 2867 854 2902 sub
885 2886 887 2902 1

962 1639 1042 1679 icio,
1092 1638 1245 1682 qualiter
1282 1638 1437 1682 praelegi
1479 1638 1669 1683 prophetas

962 1685 1005 1719 A.
1018 1684 1311 1726 57.—conferre‚
1321 1685 1397 1718 uti.-
1414 1694 1516 1718 nemo
1531 1687 1667 1728 petram

962 1729 1106 1771 subicit,
1132 1730 1201 1763 nisi
1228 1730 1323 1764 solus
1350 1730 1454 1774 ignis,
1482 1728 1525 1763 ad
1551 1740 1664 1763 escam

917 1821 1096 1856 subiectus

962 1870 997 1901 te
1023 1866 1147 1911 praebe
1174 1866 1244 1900 Deo
1272 1866 1287 1900 Ι
1312 1867 1367 1908 34,
1394 1867 1435 1900 21

917 1912 1067 1947 subinde
1090 1926 1136 1942 =
1159 1910 1355 1945 identidem
1384 1911 1419 1945 ΙΙ
1445 1913 1500 1950 30,
1528 1912 1548 1944 6

917 1958 1036 1992 subire
1053 1968 1080 1992 c.
1100 1957 1172 1991 dat.
1199 1971 1243 1986 =
1267 1967 1489 1996 succurrere,
1508 1957 1549 1990 in
1566 1967 1663 1991 men-

962 2008 1030 2038 tem
1055 2004 1200 2038 uem're:
1226 2003 1385 2037 stultitia
1409 2002 1520 2037 subiit
1538 2003 1663 2036 multis

961 2049 1073 2084 Deum
1101 2050 1189 2083 talia
1215 2059 1359 2091 passum
1388 2052 1426 2082 A.
1453 2048 1519 2082 357

916 2095 1059 2130 sublabi
1078 2109 1121 2125 =
1139 2094 1249 2131 elabi:
1276 2094 1482 2137 sublapsum
1502 2093 1666 2137 (discum)

963 2141 1177 2184 noupotuit
1202 2140 1350 2173 retinere
1376 2140 1389 2172 l
1420 2140 1471 2179 11,
1497 2140 1543 2172 20

917 2187 1187 2220 subministrare
1207 2185 1363 2228 (stipem)
1378 2185 1499 2218 infimo
1519 2184 1555 2218 11
1575 2184 1629 2224 36,
1644 2185 1665 2218 6

917 2232 1058 2266 suboles
1100 2232 1264 2265 11mscu1.:
1311 2229 1477 2271 generaui
1527 2230 1666 2264 suboles

959 2278 1145 2321 (plum...
1171 2276 1230 2321 qui
1258 2286 1312 2309 me
1331 2280 1502 2318 negarent
1521 2277 1559 2309 A.
1586 2275 1665 2309 426.

961 2323 1108 2367 impium
1134 2326 1169 2356 et
1194 2332 1337 2355 saeuum
1363 2321 1519 2354 subolem
1539 2321 1579 2354 A.
1602 2321 1666 2355 725

916 2369 1110 2402 subornant
1128 2368 1208 2401 aliis
1226 2378 1265 2400 ex
1284 2377 1319 2400 se
1340 2393 1345 2398 .
1362 2391 1370 2398 .
1391 2366 1517 2399 fulsum
1533 2380 1575 2396 =
1595 2376 1665 2410 per

960 2413 1128 2454 fraudem
1154 2414 1328 2456 inponere
1356 2412 1370 2445 1
1404 2412 1451 2450 17,
1478 2412 1499 2444 3

1133 1834 1176 1850 =.-
1213 1820 1402 1855 oboediens
1411 1834 1422 1853 :
1464 1820 1664 1854 subiectum

964 2505 1056 2538 Euae
1080 2504 1240 2537 seductor
1267 2502 1303 2537 ΙΙ
1328 2503 1382 2541 29,
1409 2502 1426 2535 7

915 2549 1131 2584 subsannare
1157 2562 1201 2578 =
1227 2547 1378 2582 illudere
1406 2548 1419 2580 1
1446 2549 1502 2582 38,
1538 2548 1570 2580 6.
1607 2547 1663 2588 40,

965 2596 1014 2629 11.
1043 2598 1081 2628 Α.
1108 2595 1160 2627 56.
1188 2595 1255 2628 5011

915 2640 1107 2675 subsidunt
1132 2645 1269 2673 montes
1296 2638 1330 2672 11
1362 2639 1390 2677 1,
1417 2638 1460 2670 34

916 2688 1150 2719 substernunt
1175 2696 1209 2718 se
1235 2687 1370 2717 montes
1397 2685 1435 2716 A.
1461 2683 1528 2717 968

916 2731 1117 2765 substituta
1157 2735 1268 2763 morte
1304 2743 1345 2759 =
1388 2728 1552 2761 θανάτου
1593 2725 1663 2759 ἐπι-

962 2776 1113 2814 στάντος
1136 2777 1178 2810 A.
1202 2776 1269 2808 306

961 2868 1084 2910 aliquo
1112 2867 1126 2900 1
1152 2865 1206 2902 21,
1238 2867 1273 2898 11

1464 2929 1530 2966 16·
