1934 3278
565 256 618 290 De
644 258 765 290 sancto
790 255 985 290 Athanasio
1010 254 1098 290 liber
1122 254 1147 289 1.
1530 256 1609 298 137

109 386 300 427 omnibus
338 382 677 426 tribulationibus
723 381 874 423 nostris
922 372 1046 436 at'que
1088 381 1366 424 anxietatibus
1407 382 1460 423 ad
1500 394 1608 432 eum,

110 455 165 496 ad
197 466 319 508 quem
351 452 584 506 confugerit
614 451 686 492 ille
716 451 902 494 iustitiae
935 452 1096 492 amator
1126 451 1167 492 in
1199 451 1390 493 omnibus
1421 451 1610 504 probati-

110 523 258 565 onibus
280 522 374 569 Iob3
407 533 486 562 non
509 520 799 562 oboediuimus
820 521 1042 574 praecepto
1063 521 1136 562 tuo
1157 520 1332 571 crudeli,
1366 520 1463 574 quia
1484 520 1610 562 uolu-

110 591 264 632 erimus
286 590 520 631 imitatores
541 589 718 630 inueniri
737 589 860 631 istius
882 589 950 630 dei
971 590 1081 632 serui
1102 589 1177 631 Iob
1200 588 1398 631 dicentis:
1430 589 1611 631 liberaui

75 673 92 699 ⁵
101 672 337 714 pauperem
375 659 424 700 de
463 671 596 699 manu
625 659 813 711 potentis
850 661 889 699 et
924 659 1114 711 orphano
1149 660 1223 712 qui
1260 660 1354 701 sine
1393 659 1610 701 adiutorio

108 731 199 770 erat
229 741 300 781 eqo
330 741 448 769 eram
477 727 661 768 adiutor.
707 739 750 768 os
771 729 911 768 autem
932 728 1091 769 uiduae
1112 741 1176 769 me
1195 741 1356 780 semper
1385 727 1611 771 benedixit.

111 797 278 839 iustitia
308 796 421 838 enim
460 808 578 837 eram
616 796 792 836 uestitus
830 798 868 836 et
899 798 1114 848 coopertus
1144 795 1354 838 iudicium
1363 808 1380 846 ;
1419 798 1455 837 et
1494 808 1611 837 eram

108 865 255 908 oculus
285 877 503 908 caecorum
532 867 569 906 et
581 866 711 917 pater
733 864 1017 918 infirmorum,
1050 863 1294 917 iniquorum
1316 867 1455 906 autem
1480 863 1613 906 molas

108 934 294 987 confreqi
325 936 365 975 et
383 932 577 975 dentibus
606 931 780 974 illorum
800 932 1006 985 rapinam
1026 932 1194 986 abstuli,
1229 933 1270 974 et
1290 932 1417 973 infra:
1441 934 1612 985 positus

58 1012 90 1038 ¹⁰
108 1016 203 1045 sum
240 1005 402 1044 statera
440 1002 644 1052 iustitiae,
684 1004 722 1043 et
758 1002 837 1043 scit
872 1001 1068 1043 dominus
1105 1001 1422 1055 simplicitatem
1460 1015 1611 1050 meam,

107 1071 310 1125 quoniam
339 1083 574 1123 numquam
612 1083 682 1122 pes
711 1083 826 1112 meus
856 1071 1070 1112 exerrauit
1100 1083 1128 1111 a
1157 1071 1235 1111 uia
1265 1074 1390 1123 reeta,
1429 1071 1502 1112 sed
1539 1083 1613 1112 nec

107 1140 251 1181 oculus
283 1152 397 1181 meus
426 1140 654 1192 conspexit.
716 1151 823 1192 quae
865 1140 930 1180 est
959 1139 1077 1180 recta
1107 1139 1189 1189 1116,
1233 1151 1256 1179 6
1287 1151 1370 1191 (1116
1409 1151 1453 1179 36
1485 1139 1614 1179 refert

107 1208 315 1262 gloriosus
346 1208 420 1249 Iob
452 1219 531 1249 non
565 1207 897 1249 deorbitauisse?
946 1207 1091 1261 utique
1113 1208 1231 1257 11666,
1265 1219 1370 1260 (11166
1393 1219 1467 1248 1166
1490 1207 1613 1248 111116-

108 1278 274 1318 centem
304 1277 517 1318 interfecit
548 1288 621 1317 nec
658 1276 785 1317 alium
817 1276 898 1317 scit
929 1276 1067 1325 deum,
1101 1276 1198 1330 quia
1230 1276 1365 1318 nescit
1386 1276 1464 1317 nisi
1488 1276 1613 1317 deum

58 1355 91 1381 1⁵
109 1346 351 1399 angelorum
371 1345 812 1399 archangelorumque,
836 1357 959 1399 quem
978 1358 1056 1387 non
1075 1357 1196 1399 posse
1215 1357 1288 1387 nos
1306 1345 1435 1387 sentis
1454 1345 1613 1398 eripere

109 1416 160 1457 de
191 1417 266 1456 tua
295 1416 517 1468 potestate.
553 1414 717 1468 quando
751 1415 860 1456 enim
893 1414 998 1456 dicis
1032 1414 1082 1455 de
1107 1414 1190 1456 fide
1211 1415 1361 1456 beatae
1385 1414 1613 1455 ecclesiae:

106 1485 146 1526 si
176 1484 386 1526 catholica
427 1487 485 1525 est
515 1484 633 1537 apud
666 1484 841 1526 Niciam
872 1484 1085 1537 descripta
1114 1484 1231 1537 fides,
1272 1485 1432 1536 eripiat
1468 1496 1535 1526 eos
1564 1484 1615 1524 ‘in

107 1567 226 1608 quem
258 1553 526 1595 crediderunt
554 1554 605 1595 de
635 1567 728 1595 mea
754 1556 970 1605 potestate,
1004 1565 1082 1594 non
1109 1553 1263 1594 habere
1285 1552 1428 1605 utique
1460 1552 1613 1593 uirium

109 1622 162 1663 ad
196 1622 454 1676 eripiendum
486 1634 559 1664 nos
593 1622 643 1663 de
675 1623 867 1664 manibus
897 1622 982 1663 tuis
1016 1621 1140 1663 deum
1174 1621 1292 1672 dicis,
1325 1634 1402 1662 non
1426 1633 1549 1674 posse
1571 1622 1614 1662 te

55 1693 221 1732 sostare
253 1691 416 1737 contra;
450 1690 610 1732 adseris
643 1691 847 1732 ecclesiae
887 1690 1141 1744 apostolicae
1185 1690 1308 1731 deum
1348 1702 1427 1731 non
1459 1690 1613 1731 habere

107 1760 269 1800 tantam
300 1759 542 1812 potentiam,
576 1772 683 1812 quae
714 1759 846 1812 possit
876 1760 993 1800 tuam
1017 1759 1240 1801 excludere
1265 1759 1478 1800 uirtutem.
1513 1757 1615 1811 quid

109 1829 218 1869 enim
243 1828 356 1869 aliud
379 1828 600 1869 confitetur
621 1829 747 1870 beata
769 1828 973 1870 ecclesiae
1004 1828 1111 1871 fides
1143 1828 1221 1869 nisi
1244 1828 1343 1881 quia
1363 1827 1417 1869 sit
1438 1826 1615 1868 credens

107 1897 149 1938 in
182 1897 306 1938 deum
336 1897 498 1950 patrem
528 1897 716 1938 innatum
750 1898 791 1938 et
821 1897 862 1938 in
894 1897 1063 1938 unicum
1094 1897 1227 1938 filium
1261 1897 1363 1946 61113,
1397 1896 1542 1937 natum
1565 1908 1614 1936 ex

108 1966 249 2007 innato
283 1967 324 2006 et
344 1978 443 2006 uero
466 1966 598 2018 patre,
633 1967 674 2007 et
694 1966 735 2007 in
758 1967 949 2008 sanctum
972 1966 1164 2019 spiritum
1188 1965 1482 2019 paracletum?
1513 1963 1615 2017 quid

59 2034 225 2076 &aliud
256 2034 478 2076 confitetur
509 2034 614 2076 fides
646 2034 878 2076 catholicae
913 2035 1117 2077 ecclesiae
1149 2035 1227 2076 nisi
1259 2021 1356 2088 quia
1387 2035 1429 2075 et
1448 2034 1614 2075 trinitas

110 2103 165 2145 311
195 2103 381 2156 perfecta
413 2103 454 2143 et
483 2115 566 2143 una
597 2102 652 2144 sit
675 2102 853 2144 dealitas
878 2104 1009 2156 patris
1032 2105 1075 2145 et
1095 2103 1170 2144 filii
1195 2105 1236 2145 et
1259 2103 1428 2157 spiritus
1451 2102 1614 2143 sancti?

111 2171 211 2224 quid
243 2171 357 2213 aliud
389 2171 610 2213 confitetur
641 2172 791 2213 beatae
833 2172 1038 2213 ecclesiae
1077 2172 1183 2214 fides
1224 2172 1300 2213 nisi
1342 2172 1440 2225 quia
1479 2182 1612 2223 neque

111 2240 229 2292 pater
261 2239 494 2293 susceperit
524 2240 732 2282 hominem
776 2253 911 2294 neque
952 2241 1120 2294 spiritus
1160 2241 1330 2282 sanctus
1360 2238 1612 2293 paracletus,

111 2307 185 2349 sed
217 2308 363 2349 unicus
394 2307 505 2349 filius
539 2307 636 2349 dei?
675 2308 775 2362 quid
808 2308 922 2350 aliud
955 2309 1135 2350 adstruit
1165 2308 1372 2362 gloriosae
1406 2306 1612 2348 ecclesiae

57 2374 216 2418 ”fides
249 2376 325 2417 nisi
357 2375 455 2429 quia
487 2376 541 2417 sit
567 2375 633 2417 dei
665 2376 813 2417 unicus
846 2376 958 2418 filius
990 2376 1247 2418 inmutabilis
1279 2373 1609 2417 inconuertibilis

247 2523 268 2556 4
295 2523 356 2558 Iob
383 2523 438 2562 29.
469 2524 600 2557 12—16
696 2523 717 2557 9
744 2523 789 2556 ib.
817 2523 872 2563 31,
898 2524 929 2557 6.
957 2523 975 2556 7

179 2659 201 2692 2
226 2658 490 2703 probationibus
515 2659 663 2703 scripsi,
689 2658 894 2703 probatione
928 2659 975 2693 Vc
1103 2660 1123 2691 5
1149 2659 1270 2693 orfano
1398 2659 1419 2693 9
1444 2641 1614 2703 confringi

112 2743 140 2786 (·
167 2754 208 2776 m.
235 2744 317 2783 rec.)
415 2740 455 2803 1⁴}
482 2739 593 2773 nescit
618 2740 766 2783 scripsi,
792 2722 903 2774 neesiit
929 2742 949 2781 (Γ
976 2752 1018 2774 rm.
1046 2747 1144 2781 rec).
1170 2750 1232 2774 nec
1258 2740 1323 2774 scit
1351 2751 1368 2774 v
1465 2740 1504 2774 17
1532 2742 1616 2783 aput

114 2821 158 2844 m.
186 2813 202 2844 1
322 2808 364 2842 18
389 2809 499 2843 uirum
525 2809 544 2846 (¹
571 2820 616 2842 m.
645 2812 678 2851 1)
799 2809 839 2842 19
866 2807 910 2842 ad
935 2808 1173 2853 deripiendum
1289 2808 1333 2842 20
1358 2807 1496 2862 adseres
1523 2808 1544 2849 (ι
1572 2821 1613 2842 m.

115 2872 200 2909 rec.)
294 2865 337 2899 23
364 2865 521 2899 innatum
548 2877 613 2899 om.
644 2877 661 2899 ι·
755 2866 797 2899 27
825 2866 970 2899 eclesiae
998 2878 1027 2899 m
1070 2869 1084 2900 l
