1934 3278
474 227 528 263 De
553 237 624 262 non
647 226 821 272 parcendo
846 227 883 262 in
909 226 1013 262 deum
1040 226 1333 272 delinquentibus.
1576 227 1659 271 249

155 355 264 408 perit
293 366 421 396 unum
449 353 656 396 talentum
688 355 730 395 et
760 353 1027 397 absconderit
1068 354 1192 407 atque
1233 353 1369 407 ipsum
1412 352 1546 395 solum
1580 353 1656 395 do-

156 422 266 464 mino
296 422 686 475 repraesentauerit‚
717 421 937 476 propterea
968 421 1078 474 quod
1110 435 1188 464 non
1218 434 1291 476 per
1327 421 1447 464 fenus
1479 421 1657 464 eundem

154 491 479 545 multiplicatum
519 491 642 532 sicuti
682 491 873 533 conserui
917 491 1007 533 eius
1054 490 1219 534 domino
1264 491 1656 545 repraesentauerit‚

154 560 307 602 meruit
339 560 466 603 etiam
497 560 632 614 ipsum
663 560 870 602 talentum
911 560 1103 603 amittere
1145 561 1186 602 et
1224 559 1389 602 audire:
1436 573 1554 602 serue
1583 573 1657 602 ne-

121 640 281 682 ⁵9uam
318 632 353 670 et
389 629 531 683 piyer,
580 641 630 670 an
670 629 791 671 illum
834 629 904 683 qui
948 630 1165 683 acceptam
1206 629 1484 683 quantitatem
1516 628 1656 671 decies

154 698 478 751 multiplicatam
526 698 907 752 repraesentauerit
951 698 1100 752 cuique
1145 698 1272 740 fuerit
1317 697 1500 740 dictum:
1545 711 1655 752 euye‚

154 779 270 809 serue
301 767 401 809 bone
432 770 469 808 et
497 767 647 820 fidelis,
679 768 781 820 quia
812 768 861 809 in
891 768 1051 810 modico
1081 767 1206 820 fuisti
1235 767 1386 821 fidelis,
1417 770 1455 809 et
1481 767 1531 808 in
1553 766 1655 820 plu-

153 836 275 877 rimis
305 839 341 877 te
371 836 643 889 coustituam5
672 837 792 878 iutra
821 836 871 877 in
889 836 1096 890 qaudium
1116 836 1283 878 domiui
1304 836 1397 877 tui?
1435 835 1510 878 sed
1539 834 1655 877 istud

154 904 262 946 unde
306 904 448 946 audire
489 905 653 958 potero,
702 905 735 947 si
766 905 808 947 te
839 905 1030 947 metuens
1062 917 1168 958 quae
1200 904 1277 947 tibi
1307 904 1461 946 fuerint
1498 903 1656 958 placita

102 985 133 1009 10
153 972 319 1015 fecero?
350 973 510 1015 intuere
542 974 582 1015 in
605 973 834 1028 Euangelio
867 973 967 1027 quid
989 986 1062 1015 nos
1083 972 1221 1015 facere
1245 972 1427 1015 uoluerit
1449 972 1654 1023 dominus,

155 1042 196 1083 et
227 1042 370 1084 desine
402 1055 475 1084 nos
499 1042 638 1084 dicere
663 1042 935 1096 adrogantes:
969 1043 1088 1084 homo
1119 1042 1294 1095 quidam
1325 1045 1415 1083 erat
1445 1042 1588 1093 cliues,·
1618 1042 1656 1083 is

153 1110 258 1153 abiit
292 1112 337 1153 in
367 1112 577 1166 reyionem
609 1111 726 1166 lonye
757 1112 944 1165 accipere
974 1125 1150 1166 reynum
1171 1114 1207 1152 et
1228 1111 1396 1153 reuerti.
1428 1114 1464 1152 et
1483 1110 1655 1153 uocauit

153 1180 286 1223 decem
316 1193 460 1223 seruos
490 1183 526 1223 et
556 1180 671 1222 dedit
699 1179 790 1222 illis
820 1180 956 1222 decem
988 1179 1150 1222 talenta
1180 1182 1219 1221 et
1247 1180 1310 1221 ait
1340 1179 1398 1221 ad
1431 1179 1553 1221 illos:
1582 1193 1655 1221 ne-

150 1250 377 1303 yotiamini
406 1250 508 1292 dum
539 1250 679 1293 uenio.
710 1249 823 1291 ciues
854 1251 995 1291 autem
1026 1248 1203 1290 oderant
1232 1247 1358 1290 illum
1389 1250 1429 1290 et
1448 1247 1654 1289 miserunt

101 1331 133 1357 15
152 1318 400 1374 leyatiouem
422 1321 522 1373 post
551 1318 676 1360 illum
706 1319 907 1361 diceutes.-
952 1317 1150 1360 uolumus
1180 1317 1291 1359 hunc
1321 1330 1499 1371 reynare
1528 1330 1656 1369 super

151 1400 236 1430 nos.
288 1391 325 1430 et
354 1387 516 1440 factum
547 1391 605 1429 est
635 1388 737 1430 dum
767 1390 1050 1430 reuerteretur
1079 1390 1245 1440 accepto
1275 1400 1417 1440 reyno,
1463 1389 1500 1428 et
1531 1386 1655 1427 iussit

150 1457 295 1499 uocari
324 1469 465 1499 seruos
495 1457 643 1510 quibus
673 1457 787 1500 dedit
810 1457 1054 1511 pecuniam,
1087 1459 1133 1498 ut
1153 1457 1277 1498 sciret
1307 1457 1514 1508 quantum
1536 1455 1652 1508 quis-

149 1539 226 1578 que
265 1527 502 1580 ueqotiams
539 1529 652 1568 esset.
703 1526 822 1568 uenit
867 1529 1006 1568 autem
1045 1526 1219 1578 primus
1263 1525 1427 1568 dicens:
1471 1524 1652 1573 domiue,

152 1594 357 1637 talentum
397 1598 517 1636 tuum
558 1594 696 1636 decem
737 1595 898 1637 talenta
939 1594 1191 1647 adquisiuit.
1243 1596 1281 1635 et
1310 1593 1375 1634 ait
1403 1592 1494 1635 illi:
1540 1605 1651 1645 euye,

98 1663 248 1705 20bone
277 1676 407 1715 seruc,
441 1663 543 1716 quia
574 1663 623 1704 in
653 1663 809 1706 modico
838 1663 977 1716 fidelis
1006 1663 1145 1716 fuisti,
1187 1663 1270 1704 eris
1292 1664 1543 1715 potestatem
1574 1661 1652 1702 ha-

149 1731 247 1774 bens
285 1745 419 1786 supra
459 1733 597 1775 decem
638 1733 840 1776 ciuitates.
892 1735 929 1774 et
959 1732 1068 1774 alter
1111 1732 1229 1774 uenit
1268 1732 1433 1774 dicens:
1472 1730 1651 1785 domine,

150 1814 254 1842 mna
285 1803 359 1842 tua
389 1801 487 1854 fecit
517 1802 702 1855 quinque
732 1801 907 1844 talenta.
939 1803 1004 1843 ait
1034 1804 1071 1843 et
1102 1801 1223 1843 huic:
1254 1803 1301 1842 at
1329 1803 1376 1842 tu
1406 1802 1488 1842 esto
1516 1812 1653 1852 supra

149 1872 333 1922 qumque
364 1870 568 1912 ciuitates.
595 1864 660 1912 *et
689 1870 798 1912 alter
826 1870 947 1912 uenit
975 1870 1144 1912 dicens:
1178 1882 1264 1912 ecce
1295 1868 1500 1911 talentum
1530 1871 1651 1910 tuum

149 1951 269 1990 quem
299 1937 429 1980 habui
459 1939 686 1992 repositum
715 1939 766 1980 in
796 1939 986 1993 sudario,
1018 1939 1121 1991 quia
1153 1938 1278 1980 timui
1309 1940 1359 1990 te,
1390 1937 1502 1991 quod
1531 1937 1650 1979 homo

98 2014 131 2040 ²⁵
150 2009 342 2049 austerus
371 2020 412 2049 es
422 2022 435 2059 ;
464 2007 578 2050 tollis
608 2007 720 2061 quod
750 2021 837 2049 non
859 2007 1045 2061 posuisti
1074 2010 1111 2049 et
1141 2007 1261 2049 metis
1290 2007 1400 2060 quod
1420 2019 1507 2049 non
1528 2006 1651 2048 semi-

150 2075 275 2117 nasti.
308 2079 344 2116 et
367 2076 477 2117 dixit
499 2077 536 2118 ei
555 2077 776 2119 dominus.-
805 2077 855 2119 dc
875 2090 944 2119 ore
965 2079 1035 2118 tuo
1056 2078 1093 2118 te
1122 2075 1276 2127 iudico,
1308 2074 1495 2129 infidelis
1515 2087 1653 2125 serue;

149 2143 304 2186 sciebas
334 2145 444 2197 quod
474 2143 592 2186 homo
621 2158 692 2199 eyo
723 2148 918 2187 austerus
958 2158 1051 2186 sum
1080 2147 1117 2186 et
1147 2143 1245 2186 tollo
1275 2144 1383 2197 quod
1411 2157 1499 2185 non
1522 2143 1652 2196 posui

150 2215 188 2254 et
216 2216 320 2254 meto
352 2213 461 2266 quod
493 2226 578 2255 non
607 2214 845 2266 semiuaui,
891 2217 929 2256 et
959 2227 1090 2267 quare
1119 2226 1206 2255 non
1235 2213 1388 2255 dedisti
1420 2213 1650 2266 pecuniam

148 2295 282 2322 meam
314 2282 370 2323 ad
400 2295 603 2334 mensam,
644 2284 684 2323 et
711 2296 781 2336 eyo
812 2283 986 2325 ueniens
1017 2295 1111 2324 cum
1143 2282 1289 2324 usuris
1318 2282 1463 2335 utique
1492 2282 1649 2335 exeyis-

97 2355 231 2391 ³⁰sem
263 2349 423 2391 illam?
467 2353 505 2391 et
535 2351 774 2392 astantibus
804 2351 938 2393 diaeit:
983 2351 1144 2403 aliferte
1174 2350 1226 2392 ab
1259 2350 1332 2393 illo
1371 2350 1580 2392 talentum
1610 2353 1650 2391 et

148 2418 245 2460 date
276 2419 345 2460 illi
374 2419 447 2471 qui
487 2419 621 2461 decem
661 2418 823 2460 talenta
863 2419 995 2462 habet.
1046 2420 1138 2462 dico
1170 2422 1310 2461 autem
1340 2419 1480 2460 uobis:
1531 2418 1647 2459 omni

148 2486 317 2528 habenti
357 2487 550 2537 clabitur,
598 2487 649 2528 ab
681 2502 724 2529 eo
757 2490 896 2529 autem
926 2487 1000 2540 qui
1031 2501 1117 2529 uon
1158 2487 1277 2528 habet
1308 2490 1344 2527 et
1383 2485 1493 2539 quod
1530 2485 1646 2527 habet

283 2635 303 2667 4
328 2634 456 2669 Matth.
482 2634 538 2673 25,
564 2635 607 2669 26
700 2637 721 2669 6
747 2634 792 2669 ib.
818 2635 872 2672 25.
899 2635 940 2668 21
1039 2635 1076 2668 11
1105 2634 1186 2670 Luc.
1214 2635 1266 2677 19,
1293 2635 1425 2670 12—27

215 2772 235 2805 2
262 2774 297 2806 et
322 2775 503 2835 propterea
528 2773 616 2815 fort.
726 2773 746 2807 6
773 2782 881 2816 eugae
992 2772 1012 2806 8
1039 2773 1125 2807 istut
1236 2772 1277 2808 12
1302 2772 1418 2807 habiit
1527 2774 1568 2807 19
1594 2776 1643 2807 at—

148 2840 287 2884 quisiuit
387 2840 430 2874 2‘.)
456 2851 536 2875 mna
559 2841 579 2885 (¹
597 2853 640 2877 m.
659 2842 738 2885 alt.)
834 2842 877 2875 ‘25
896 2844 1055 2876 austerus
1074 2846 1130 2883 (au
1147 2842 1187 2877 iu
1206 2847 1295 2886 ras.)
1391 2842 1433 2876 27
1453 2842 1600 2876 austeris
