1934 3278
486 220 538 254 De
565 230 634 254 non
659 218 835 264 parcendo
861 219 897 253 in
922 218 1024 253 deum
1050 218 1344 263 delinquentibus.
1584 219 1666 261 269

160 345 346 390 dominis
385 344 475 386 suis
514 343 771 386 diuinando.
822 342 924 385 haec
963 342 1183 385 subsecuta
1212 344 1273 384 est
1302 342 1494 385 Paulum
1524 345 1563 384 et
1591 354 1668 384 nos

160 419 196 458 ct
225 414 435 457 clamauit
463 413 627 455 dicens:
669 412 714 454 hi
743 413 858 454 serui
887 413 955 454 dei
987 411 1134 454 eoecelsi
1170 415 1271 453 sunt
1301 412 1374 464 qui
1405 412 1667 465 praedicant

163 484 277 527 uobis
298 484 420 524 uiam
440 481 607 524 salutis.
640 481 713 523 hoc
745 483 884 523 autem
912 481 1098 535 faciebat
1121 493 1205 534 per
1232 480 1385 522 multos
1414 480 1528 532 dies,·
1557 480 1669 533 quod

159 566 253 595 cum
283 550 532 593 indoluisset
562 548 717 601 Paulo,
750 562 978 591 conuersus
1009 550 1067 591 ad
1097 549 1302 602 spiritum
1331 550 1417 590 ait:
1449 549 1666 602 praecipio

125 635 141 660 5
159 622 236 663 tibi
266 621 314 662 in
344 620 512 661 nominc
542 619 643 660 Iesu
675 617 847 668 Christi,
891 620 941 659 ut
970 631 1092 659 exeas
1124 618 1177 659 ab
1206 631 1270 660 ea.
1321 621 1359 659 et
1389 618 1494 660 exiit
1524 617 1668 659 eadem

159 690 274 731 hora.
306 689 496 730 uidentes
527 689 668 728 autem
698 686 864 728 domini
894 687 984 727 eius
1014 687 1119 739 quia
1149 687 1257 728 exiit
1284 699 1376 740 spes
1407 687 1569 729 reditus
1599 700 1666 729 eo-

158 771 254 799 rum
285 756 594 810 adprehensum
624 754 816 797 Paulum
847 757 884 796 et
916 755 1078 797 Sileam
1114 758 1394 797 extraxerunt
1430 755 1488 797 ad
1525 755 1666 808 forum

157 828 215 869 ad
245 826 523 879 maqistratus
553 826 592 865 et
627 823 868 865 obtulerunt
906 836 970 865 eos
1008 824 1213 865 dicentes:
1255 824 1442 866 homines
1481 824 1527 865 hi
1565 837 1665 866 con-

158 895 331 937 turbant
361 894 578 936 ciuitatem
609 896 822 942 nostram,
866 906 960 935 cum
991 894 1080 934 sint
1111 893 1293 947 Iudaei,
1335 895 1372 934 et
1405 892 1668 946 praedicant

107 976 140 1000 10
156 967 310 1007 sectam
340 976 469 1016 quam
499 976 587 1004 non
618 961 710 1003 licet
740 962 862 1004 nobis
893 962 1078 1015 recipere
1108 975 1181 1004 nec
1211 963 1363 1016 facere,
1405 975 1502 1003 cum
1531 962 1668 1003 simus

157 1032 358 1075 Romani.
391 1034 429 1072 et
458 1030 724 1073 consurrexit
751 1031 956 1072 uniuersa
981 1031 1107 1072 turba
1128 1031 1336 1072 aduersus
1356 1043 1435 1084 eos,
1469 1033 1505 1072 et
1525 1031 1665 1084 Μαρί-

154 1104 315 1143 stratus
358 1100 570 1142 destitutis
608 1099 766 1140 tunicis
804 1112 946 1140 eorum
990 1099 1207 1141 iusserunt
1248 1111 1311 1141 eos
1351 1099 1488 1153 uirgis
1532 1099 1663 1141 caedi.

155 1173 194 1211 et
223 1183 317 1212 cum
347 1168 505 1210 multas
536 1167 595 1209 eis
625 1168 911 1220 inposuissent
936 1167 1108 1222 playas,
1150 1169 1362 1209 miserunt
1391 1181 1456 1209 eos
1487 1169 1536 1209 in
1567 1181 1664 1209 car-

155 1252 284 1280 ccrcm
323 1238 633 1290 praecipientes
678 1236 841 1278 custodi
881 1237 1065 1279 carceris
1103 1236 1330 1291 diligenter
1368 1249 1542 1279 seruare
1580 1250 1657 1280 cos.

106 1318 138 1343 15
156 1307 229 1360 qui
260 1319 354 1348 cum
386 1307 469 1348 tale
492 1308 768 1359 praeceptum
798 1306 1044 1359 accepisset,
1078 1306 1196 1347 misit
1225 1319 1290 1348 eos
1320 1306 1369 1347 in
1402 1306 1535 1347 imam
1566 1319 1663 1347 car-

155 1376 261 1417 ceris
291 1378 330 1416 et
353 1375 478 1428 pedes
507 1387 649 1415 eorum
678 1374 727 1416 in
758 1387 889 1416 neruo
920 1374 1140 1416 conclusit.
1172 1375 1288 1417 circa
1317 1374 1502 1416 mediam
1523 1377 1663 1415 autem

155 1447 312 1486 noctem
342 1443 483 1485 Paulo
521 1446 560 1484 et
591 1443 711 1486 Silea
750 1443 972 1485 orantibus
1001 1446 1041 1485 et
1077 1443 1281 1497 hymnum
1311 1443 1558 1486 canentibus
1588 1443 1662 1485 deo

153 1512 385 1554 audiebant
416 1524 483 1553 eos
513 1511 638 1553 ceteri
667 1512 819 1554 uincti.
862 1515 1031 1565 repente
1061 1515 1203 1555 autem
1234 1515 1374 1554 terrae
1402 1514 1541 1553 motus
1571 1511 1662 1564 fac-

153 1585 220 1623 tus
250 1584 309 1622 est
339 1593 533 1634 magnus,
564 1580 629 1622 ita
658 1583 706 1622 ut
736 1583 1054 1622 concuterentur
1083 1580 1369 1634 fundamenta
1399 1580 1595 1635 carceris,
1626 1583 1662 1622 et

102 1668 135 1692 20
154 1650 263 1691 ostia
294 1652 444 1702 aperta
473 1652 576 1690 sunt
604 1652 640 1690 et
670 1650 815 1691 omnia
844 1649 1024 1691 uincula
1044 1649 1182 1691 soluta
1202 1652 1315 1691 sunt.
1348 1648 1663 1702 experyefactus

152 1720 212 1759 cst
240 1720 375 1760 custos
405 1718 587 1759 carceris
616 1720 653 1758 et
683 1730 778 1758 cum
807 1717 984 1758 uidisset
1013 1717 1124 1759 ostia
1160 1718 1342 1760 carceris
1372 1720 1533 1772 aperta,
1567 1731 1660 1760 exe-

154 1787 232 1827 mit
257 1785 464 1839 stadium,
496 1788 542 1826 ut
571 1798 613 1827 se
641 1786 894 1840 interficeret
913 1786 1164 1828 existimans
1193 1786 1350 1841 fuyisse
1377 1787 1557 1829 uinctos.
1588 1800 1660 1828 ex-

153 1854 359 1896 clamauit
398 1857 538 1896 autem
578 1853 747 1896 Paulus
784 1867 883 1896 uoce
921 1867 1082 1909 mayna
1119 1855 1287 1897 dicens.-
1332 1854 1398 1896 nil
1438 1854 1515 1896 tibi
1552 1854 1660 1896 mali

150 1923 317 1977 feceris‚·
348 1936 489 1965 omnes
518 1925 631 1965 enim
663 1924 731 1965 hic
759 1927 872 1966 sunt.
905 1938 983 1977 quo
1015 1925 1163 1966 audito
1193 1927 1330 1967 custos
1354 1924 1538 1967 carceris
1551 1924 1662 1977 petit

101 2008 135 2035 2⁵
153 1992 295 2033 lumen
325 1994 366 2033 et
394 1992 612 2045 inyressus
643 1995 701 2034 est
732 1995 771 2034 et
799 1996 980 2035 tremens
1005 1993 1192 2046 procidit
1223 1993 1280 2035 ad
1302 1994 1432 2047 pedes
1459 1992 1593 2035 Pauli
1623 1995 1661 2034 et

155 2060 292 2102 Sileae
335 2063 375 2101 et
411 2073 505 2102 cum
536 2060 807 2114 produoeisset
844 2074 909 2103 eos
946 2061 1076 2115 foras,
1115 2062 1204 2103 ait:
1248 2061 1413 2103 domini
1452 2061 1555 2114 quid
1595 2074 1659 2103 me

154 2131 314 2182 oportet
334 2129 483 2181 facere,
516 2132 563 2170 ut
583 2129 732 2171 saluus
762 2130 875 2176 sim?
907 2133 952 2171 at
972 2130 1043 2172 illi
1063 2130 1287 2172 dioeerunt:
1317 2131 1434 2172 crede
1464 2130 1513 2171 in
1534 2129 1659 2171 deum

153 2197 306 2249 Iesum,
339 2200 377 2238 et
406 2198 556 2240 saluus
586 2198 671 2239 eris
701 2201 748 2240 tu
778 2202 814 2240 et
844 2198 994 2241 domus
1023 2202 1110 2242 tua.
1143 2202 1180 2240 ct
1211 2199 1340 2241 locuti
1368 2201 1473 2240 sunt
1501 2198 1539 2239 ei
1561 2211 1658 2239 uer-

152 2265 249 2307 bum
277 2265 441 2307 domini
471 2278 566 2307 cum
596 2266 791 2308 omnibus
821 2267 894 2320 qui
925 2270 1046 2308 erant
1077 2267 1125 2308 in
1156 2267 1277 2308 domo
1297 2267 1400 2310 eius.
1432 2270 1469 2309 et
1489 2278 1658 2308 sumens

83 2346 99 2372 ³
117 2351 134 2375 ο
152 2346 218 2376 eos
247 2334 344 2386 ipsa
374 2334 481 2375 hora
511 2334 645 2376 noctis
676 2334 788 2376 lauit
818 2348 846 2375 a
864 2335 1020 2390 playis,
1053 2338 1092 2377 et
1112 2335 1354 2388 baptizatus
1374 2337 1433 2376 est
1453 2335 1543 2387 ipse
1564 2347 1656 2376 cum

151 2402 345 2445 omnibus
374 2403 478 2444 suis.
530 2406 566 2444 et
596 2403 751 2444 ducens
780 2415 846 2444 eos
876 2404 924 2444 in
954 2404 1125 2445 domum
1156 2404 1356 2456 adposuit
1386 2415 1587 2453 mensam,
1620 2405 1657 2445 et

150 2470 403 2524 epulabatur
433 2483 528 2512 cum
558 2471 763 2512 uniuersa
793 2471 913 2513 domo
943 2484 1022 2512 sua
1051 2471 1223 2513 credens
1254 2472 1303 2512 in
1332 2471 1514 2512 domino.

207 2539 403 2580 XXVIII.
438 2539 572 2592 Igitur
603 2539 650 2580 ut
680 2539 752 2581 ille
785 2539 954 2592 spiritus
986 2539 1175 2594 pythonis
1209 2539 1382 2581 audiens
1405 2552 1553 2581 nomon
1577 2538 1655 2580 do-

150 2607 249 2648 mini
284 2609 377 2648 Iesu
411 2607 578 2657 Christi,
611 2619 704 2648 mox
739 2608 945 2661 effugatus
979 2609 1042 2648 ost
1075 2608 1124 2648 dc
1158 2608 1281 2649 domo
1304 2621 1392 2651 sua.
1426 2607 1655 2649 concitauit

222 2731 239 2764 1
267 2732 318 2764 est
345 2741 411 2764 om.
438 2742 457 2765 v
551 2730 572 2764 2
598 2733 633 2765 et
658 2742 723 2766 om.
753 2743 770 2765 ι·
863 2731 884 2763 3
915 2730 1015 2765 nobis
1044 2742 1060 2764 n
1156 2731 1197 2764 12
1224 2731 1388 2775 disruptis
1422 2732 1514 2766 coni.
1546 2732 1653 2768 Gall,

150 2786 303 2820 discissis
330 2787 522 2826 Latinius,
549 2786 692 2821 dissutis
718 2788 805 2830 fort.
915 2787 990 2821 cedi
1108 2787 1151 2822 20
1177 2789 1275 2822 ostea
1302 2800 1343 2822 m.
1370 2792 1388 2822 1
1508 2799 1651 2833 expet-gc

151 2859 237 2875 »»»»»
241 2843 354 2877 factus
379 2845 511 2886 (autem
537 2846 647 2886 cras.)
773 2845 816 2878 22
842 2846 878 2879 et
904 2845 1106 2878 existimans
1140 2846 1185 2882 V.-
1211 2847 1245 2879 et
1272 2856 1352 2889 erp.
1379 2846 1560 2879 Latinius

153 2899 289 2934 uinctus
316 2913 358 2934 m.
386 2904 402 2935 1
498 2900 542 2934 32
569 2901 776 2945 epulabatur
800 2903 891 2936 coni.
922 2902 1114 2942 Latinius,
1142 2901 1374 2945 epulabantur
1408 2903 1455 2937 Vo-
