1934 3278
544 188 598 222 De
624 190 745 222 sancto
770 187 966 222 Athanasio
991 188 1082 223 liber
1105 188 1146 222 II.
1523 188 1600 230 167

96 316 357 357 innocentem
386 317 422 355 et
453 314 614 356 iustum
645 327 730 355 non
761 315 932 356 occides.
966 314 1069 354 haec
1092 325 1225 354 nonne
1256 312 1346 354 iure
1368 313 1600 365 meritoque

97 384 240 425 audire
279 395 547 433 mereremur,
596 383 665 436 qui
713 395 737 424 a
774 383 816 423 te
857 382 1022 425 sentina
1064 380 1229 422 Arriani
1277 380 1486 433 dogmatis
1528 382 1600 422 aut

96 453 318 494 fuissemus
360 451 505 493 inlecti
546 452 617 492 aut
655 451 790 493 territi
833 452 884 493 ad
923 450 1155 493 innocentis
1190 449 1528 491 damnationem?
1560 450 1602 490 et

92 520 249 563 idcirco
281 520 321 561 in
353 521 395 561 te
427 520 530 561 haec
565 520 703 562 omnia
732 520 846 561 mala
877 520 1093 561 uenerunt.
1156 520 1202 559 tu
1233 532 1330 560 cum
1359 519 1443 560 tuis
1477 518 1600 560 audi-

61 592 211 631 ⁵turus
244 602 351 643 quae
381 588 445 630 illi
476 601 548 642 per
570 588 748 630 Danihel
781 588 1014 637 audierunt,
1049 588 1137 630 siue
1170 589 1269 641 quia
1300 587 1394 628 falsi
1417 587 1601 628 criminis

96 658 249 700 obiecti
280 671 377 699 reus
400 658 471 706 sis,
505 657 595 698 siue
622 657 717 710 quia
744 657 796 698 ad
818 657 1050 699 innocentis
1072 670 1219 699 necem
1242 669 1405 698 omnem
1429 656 1600 698 chorum

93 727 284 768 inuitaris
318 727 619 780 episcoporum,
654 727 696 767 et
728 726 826 780 quia
864 726 1048 768 uolueris
1087 738 1251 768 omnem
1294 724 1361 767 dei
1402 725 1600 778 populum

94 796 311 837 haeresem
344 794 558 847 suscipere
590 795 720 844 tuam,
756 794 902 835 audies
935 795 976 835 et
998 794 1166 847 quidem
1189 795 1375 848 grauius,
1409 794 1507 848 quia
1527 795 1601 835 tua

95 864 177 906 sint
216 863 412 917 grauiora
452 862 650 911 facinora,
699 862 850 915 quippe
892 862 961 915 qui
1003 862 1070 903 dei
1109 862 1323 917 religionis
1364 862 1600 904 destructor

42 943 75 969 10
95 932 295 978 extiteris,
330 931 399 985 qui
431 931 642 984 ingentem
664 931 978 972 multitudinem
1011 931 1270 973 Christianos
1303 944 1346 972 se
1370 931 1600 972 dicentium

93 1000 367 1049 interemeris,
417 999 486 1053 qui
526 1000 733 1042 haeresim
771 1001 958 1042 uestram
988 1000 1210 1042 Arrianam
1249 1000 1529 1042 introduxeris
1559 1000 1600 1041 in

95 1069 332 1118 ecclesiam,
366 1069 435 1122 qui
459 1068 712 1110 catholicam
735 1069 1002 1111 damnaueris
1023 1069 1164 1118 fidem,
1198 1069 1268 1122 qui
1292 1069 1417 1110 deum
1438 1070 1599 1122 patrem

94 1137 315 1192 negaueris
347 1150 493 1178 uerum
524 1138 700 1191 patrem.
742 1138 812 1191 qui
843 1138 1014 1180 unicum
1047 1138 1135 1179 eius
1166 1137 1300 1179 filium
1334 1138 1486 1179 dixeris
1519 1150 1598 1179 non

95 1218 186 1248 esse
218 1219 363 1248 uerum
396 1206 542 1255 filium,
577 1207 768 1260 spiritum
801 1219 966 1260 quoque
998 1208 1192 1248 sanctum
1222 1207 1485 1260 paracletum
1518 1205 1597 1247 ad-

42 1285 75 1312 15
94 1275 357 1317 seueraueris
395 1287 472 1316 non
508 1288 599 1316 esse
631 1288 777 1316 uerum
811 1275 878 1316 dei
910 1275 1114 1329 spiritum.
1177 1287 1272 1317 cum
1303 1276 1345 1316 te
1377 1276 1524 1316 contra
1556 1276 1598 1315 et

93 1344 236 1384 contra
283 1355 426 1384 omnes
475 1343 540 1384 dei
587 1343 777 1384 inimicos
824 1344 981 1385 clamet
1019 1345 1188 1385 sanctae
1239 1343 1444 1385 ecclesiae
1491 1342 1598 1386 fides

93 1411 265 1453 credere
305 1424 349 1453 se
388 1412 436 1452 in
474 1413 599 1454 deum
636 1426 784 1454 uerum
815 1417 985 1466 patre-m
1028 1414 1224 1455 innatum
1262 1416 1299 1454 et
1338 1414 1387 1454 in
1427 1413 1601 1455 unicum

91 1480 227 1534 filium
261 1482 351 1523 eius
389 1484 541 1523 natum
579 1495 629 1523 ex
668 1482 820 1524 innato
859 1485 899 1523 et
935 1497 1034 1524 uero
1058 1485 1197 1535 patre,
1230 1482 1303 1524 hoc
1334 1484 1394 1523 est
1422 1481 1471 1523 de
1500 1481 1600 1523 sub-

91 1550 257 1592 stantia
278 1551 438 1603 patris,
471 1550 594 1593 deum
624 1551 673 1592 de
703 1552 792 1603 deo,
826 1551 968 1593 lumen
996 1552 1046 1593 de
1078 1553 1250 1605 lumine,
1294 1551 1420 1593 deum
1452 1564 1600 1592 uerum

41 1619 142 1664 node
172 1619 245 1661 deo
275 1633 387 1671 uero,
422 1623 573 1660 natum
596 1633 680 1661 non
709 1620 882 1674 factum,
915 1623 1047 1662 unius
1067 1620 1327 1662 substantiae
1349 1633 1442 1661 cum
1461 1622 1599 1672 patre,

92 1687 203 1741 quod
231 1701 376 1741 yracce
406 1688 557 1730 dicunt
594 1689 852 1741 homousion,
885 1704 965 1743 per
1002 1703 1122 1743 quem
1162 1690 1308 1730 omnia
1343 1689 1462 1742 facta
1499 1691 1601 1730 sunt

92 1758 131 1797 et
159 1757 250 1798 sine
279 1770 359 1810 quo
387 1757 551 1809 factum
572 1760 631 1799 est
652 1757 777 1810 nihil,
809 1762 846 1799 et
871 1759 919 1800 in
939 1759 1140 1812 spiritum
1169 1758 1431 1811 paraclitum
1451 1770 1601 1799 uerum

91 1825 160 1867 dei
189 1825 401 1878 spiritum.
435 1825 511 1867 tibi
535 1838 633 1879 ergo
655 1826 760 1867 falso
782 1827 895 1877 testi,
923 1826 1100 1880 spiritali
1126 1826 1331 1876 adultero,
1363 1825 1600 1868 homicidae

93 1894 298 1948 sacrilego
332 1893 456 1947 digne
488 1895 684 1948 grauiora
715 1895 920 1947 dicentur,
953 1895 1077 1949 digne
1110 1895 1180 1949 qui
1211 1895 1340 1937 tantis
1363 1908 1410 1936 ac
1442 1894 1599 1936 talibus

42 1979 74 2005 2⁶
92 1962 334 2004 criminibus
364 1963 496 2004 maior
528 1962 585 2004 sis
614 1963 698 2005 illis
720 1963 1135 2018 pseudopresbyteris
1158 1962 1374 2005 Susannae
1406 1962 1598 2004 inimicis.

93 2031 128 2072 si
159 2030 268 2072 enim
299 2029 384 2072 illis
418 2031 571 2072 dicitur
601 2031 922 2074 mentientibus:
955 2035 1060 2073 recte
1091 2033 1291 2074 mentitus
1320 2045 1361 2073 es
1391 2032 1441 2073 in
1471 2034 1600 2084 caput

92 2103 236 2151 tuum;
277 2100 367 2141 iam
408 2102 560 2143 etenim
590 2101 769 2155 anyelus
807 2102 974 2144 domini
1012 2101 1227 2154 accipiens
1260 2103 1535 2154 praeceptum
1573 2115 1600 2142 α

92 2168 163 2211 deo
194 2169 349 2211 secabit
378 2172 415 2211 te
445 2170 640 2225 medium,
674 2171 735 2212 et:
768 2173 873 2213 recte
903 2171 1102 2213 mentitus
1139 2183 1181 2213 es
1218 2171 1265 2211 in
1297 2172 1426 2223 caput
1455 2172 1601 2221 tuum;

92 2250 268 2280 manens
285 2242 344 2280 est
360 2238 537 2292 anyelus
554 2239 622 2281 dei
641 2239 836 2293 yladium
853 2239 1010 2281 habens
1029 2239 1087 2282 ad
1101 2239 1329 2281 secandum
1348 2242 1384 2280 te
1400 2239 1598 2290 medium,

42 2308 141 2349 mut
167 2320 244 2348 uos
265 2307 435 2359 perdat,
469 2308 623 2360 quanto
654 2307 803 2361 magis,
839 2307 918 2349 nisi
948 2308 1025 2350 tibi
1046 2307 1320 2361 prospexeris,
1355 2307 1409 2348 ad
1428 2308 1471 2348 te
1493 2306 1598 2348 talia

95 2373 303 2416 dicentur!
377 2387 469 2417 esse
517 2375 745 2429 scriptum:
797 2375 906 2417 beati
952 2376 1026 2428 qui
1072 2376 1257 2417 audiunt
1307 2374 1478 2417 uerbum
1531 2375 1598 2416 clei

232 2498 275 2533 26
300 2499 392 2534 Dan.
417 2499 461 2532 55
554 2499 599 2533 28
624 2498 670 2534 ib.
697 2499 740 2533 59
835 2499 875 2532 31
905 2499 986 2533 Luc.
1014 2499 1068 2539 11,
1095 2498 1139 2533 28

160 2622 182 2657 8
206 2601 362 2679 heresem
388 2624 404 2668 (¹
431 2636 474 2659 m.
500 2626 586 2668 rec.)
699 2625 742 2659 10
767 2593 977 2660 christiana
1003 2603 1046 2669 (ἦ
1072 2636 1117 2659 m.
1141 2630 1227 2668 rec.)
1337 2624 1378 2658 21
1405 2635 1529 2670 graece
1560 2626 1600 2670 V,

93 2677 216 2715 Graeci
241 2692 261 2716 v
399 2682 596 2716 *omousion
620 2681 658 2727 (h
683 2684 794 2726 eras.)
928 2675 976 2716 22'
996 2681 1211 2727 paracletum
1235 2693 1256 2716 v
1387 2682 1432 2717 25
1455 2681 1599 2727 pseudo-

92 2735 293 2780 presbiteris
397 2737 441 2772 26
466 2741 582 2791 rectae
686 2738 727 2773 31
755 2749 830 2773 6666
862 2740 894 2774 V
915 2751 959 2773 m.
985 2743 1018 2779 1,
1044 2750 1125 2774 num
1150 2739 1217 2773 scis
1242 2749 1316 2773 esse
1348 2740 1381 2774 V
1399 2751 1445 2774 m.
1470 2750 1539 2774 rec.
1565 2743 1599 2774 et

92 2815 124 2848 v,
148 2815 224 2839 cum
249 2806 315 2839 scis
340 2817 415 2840 esse
441 2807 724 2853 Luydunenses,
750 2818 819 2842 non
845 2808 912 2841 scis
937 2819 1012 2842 csse
1039 2808 1220 2842 Latinius
