1934 3278
294 215 390 243 XXX

297 327 377 368 ant.
412 327 470 368 sic
496 325 735 367 emendaui:
772 325 835 370 15,
859 324 913 365 23
940 337 959 364 e
987 337 1065 376 quo
1094 336 1263 364 numero
1285 347 1340 353 -—
1362 324 1463 364 certi
1495 325 1634 364 tamen
1664 326 1796 365 tecam

294 396 532 449 deliyerent
562 395 803 448 (diliyerent
824 393 880 445 V)
914 393 1088 434 interire
1111 392 1180 446 (de
1200 391 1405 433 infinitiuo
1428 390 1478 432 cf.
1502 390 1585 432 ind.
1608 403 1646 443 p.
1671 390 1793 442 365);

297 464 473 504 alterum
494 463 688 504 infinitiui
706 462 756 503 ab
774 462 851 502 hoc
870 461 998 502 uerbo
1015 460 1233 513 pendentis
1253 459 1485 512 exemplum
1505 458 1598 509 100,
1616 459 1671 501 22
1693 471 1794 500 con-

293 532 454 574 iectura
484 532 822 584 recuperauimus
861 531 899 571 si
930 543 1013 571 esse
1044 530 1333 583 delcyv'sscmns
1369 529 1478 582 qaod
1515 529 1604 582 ipse
1635 541 1687 579 es,
1726 529 1794 570 ubi

295 600 451 642 codicis
484 600 730 652 scripturam
761 601 861 640 esset
893 599 1152 651 eleqissemus
1186 597 1318 639 Tilius
1349 598 1389 638 in
1422 611 1504 639 csse
1534 598 1795 652 eleyissemus

295 668 541 710 correxerat.
572 693 627 698 —
658 666 750 717 109,
783 667 834 708 21
869 667 1072 719 conspicis
1102 680 1177 707 nos
1203 670 1478 718 persecutores
1500 693 1555 697 —
1577 667 1796 720 aspidibus

296 741 569 790 conparatos,·
599 740 637 778 et
667 750 752 777 non
783 736 951 777 tandem
982 736 1111 776 times-
1126 735 1183 776 ad
1204 735 1271 776 det
1293 738 1329 775 te
1360 735 1593 788 transferre
1613 735 1793 776 domum.

297 806 586 859 exspectamus
608 805 766 858 potius:
790 808 825 845 ct
846 818 931 845 non
951 804 1120 845 tandem
1141 803 1331 856 festinas,
1358 803 1398 844 et
1421 804 1540 844 times
1571 803 1683 844 idem
1709 804 1794 844 fere

296 874 407 927 quod
447 875 592 916 timore
629 873 812 927 adtyeris
854 871 998 913 ualere
1038 872 1117 913 nisi
1155 871 1276 913 fallor
1318 871 1499 913 editores
1530 872 1795 925 putauerunt,

297 943 371 985 sed
400 943 562 984 iniuria.
613 942 770 993 codicis
803 941 1033 994 scripturae
1065 942 1178 983 timet
1210 941 1250 982 et
1287 942 1539 994 transferres
1559 940 1796 982 Luciferum

297 1012 512 1064 scripsisse
553 1011 721 1052 docent:
765 1024 850 1051 non
888 1010 1058 1051 tandem
1097 1012 1233 1051 temet
1272 1010 1327 1050 ad
1363 1010 1428 1051 det
1465 1010 1531 1064 [te]
1567 1012 1797 1064 transferes

295 1081 490 1121 domum?
541 1080 671 1121 falsae
718 1078 978 1131 repetitionis
1026 1079 1213 1132 exempla
1259 1091 1384 1131 supra
1427 1091 1520 1132 pag.
1562 1079 1622 1120 XI
1670 1078 1798 1120 colle-

297 1149 447 1201 gimus.
498 1149 593 1199 284,
629 1149 679 1189 13
711 1147 822 1189 idem
855 1147 1005 1188 uitium
1030 1148 1071 1188 in
1094 1147 1240 1189 eadem
1263 1159 1367 1188 uoce
1387 1146 1623 1188 resederat:
1657 1147 1704 1188 de
1725 1161 1797 1188 ar—

297 1231 460 1258 mornm
492 1220 659 1258 tuorum
683 1219 886 1269 potestate
919 1219 1051 1257 tentet
1085 1216 1220 1269 (timet
1241 1216 1289 1267 V,
1323 1216 1441 1256 times
1461 1228 1498 1270 v,
1531 1219 1662 1257 tames
1687 1215 1796 1256 idem

296 1285 336 1325 in
360 1286 455 1335 not„
491 1289 525 1326 te
548 1286 622 1326 tibi
647 1284 775 1337 Gall.)
804 1285 949 1339 collem}
974 1285 1194 1339 plaudere,
1230 1284 1354 1337 atque
1388 1284 1485 1325 alibi
1509 1284 1635 1325 etiam
1665 1284 1797 1325 latere

297 1354 532 1406 suspicatus
566 1367 656 1395 sum
692 1354 760 1408 (cf.
794 1353 891 1404 201,
919 1354 954 1394 7.
987 1354 1084 1403 217,
1107 1354 1173 1394 21.
1207 1353 1392 1404 218,18.
1426 1353 1521 1403 231,
1549 1355 1583 1393 7.
1616 1353 1712 1404 270,
1748 1354 1796 1394 11

298 1423 406 1477 (iste]
432 1425 492 1464 est
514 1422 582 1475 V).
619 1422 715 1473 329,
743 1422 826 1475 13).
852 1448 906 1453 —
930 1423 1006 1463 hac
1030 1422 1102 1464 uia
1124 1422 1249 1464 etiam
1275 1421 1367 1472 168,
1395 1423 1410 1462 1
1437 1422 1594 1463 rectius
1624 1422 1797 1463 tractari

295 1490 468 1542 poterit:
516 1491 728 1533 exciderat
773 1491 886 1532 eorda·
934 1490 998 1532 ila·
1046 1494 1113 1532 tuo
1153 1504 1344 1533 errorum
1381 1495 1578 1533 umeeto
1609 1492 1798 1545 tenebris,

296 1561 345 1599 ut
388 1559 547 1600 iuberes
592 1560 798 1601 damnari
843 1561 1134 1602 innocentem?
1181 1560 1292 1602 unde
1327 1560 1459 1602 Tilius
1506 1562 1661 1610 uincto,
1709 1561 1796 1615 ipso

297 1631 476 1669 contecto
523 1628 592 1669 uel
637 1630 899 1671 circumiecto
948 1629 1100 1671 elicere
1148 1629 1303 1679 studui,
1358 1629 1432 1672 sed
1471 1630 1622 1671 amicto
1661 1630 1800 1683 potius

296 1696 413 1737 latet.
468 1697 513 1737 ut
547 1697 654 1737 enim
686 1712 705 1738 e
737 1698 777 1738 et
808 1699 823 1738 i
854 1698 1024 1739 uocales
1055 1698 1390 1751 pronuntiatione
1422 1698 1665 1751 saepissime
1699 1711 1799 1740 con-

299 1764 591 1815 fundebantur,
631 1766 690 1806 ita
720 1765 956 1807 litterarum
988 1765 1260 1807 similitudine
1292 1781 1319 1807 a
1352 1766 1393 1807 et
1423 1781 1452 1807 n
1486 1767 1554 1821 (cf.
1589 1767 1627 1818 6,
1660 1767 1698 1809 6.
1732 1767 1798 1816 84,

296 1833 350 1875 28
383 1846 555 1881 coram,
593 1835 686 1884 158,
710 1835 765 1876 24
795 1836 990 1889 faciunt,
1024 1835 1119 1885 217,
1143 1835 1198 1876 25
1230 1839 1477 1889 eapropter,
1512 1837 1578 1886 74,
1601 1835 1628 1877 5
1658 1836 1797 1878 reddi-

299 1904 468 1951 turam,
515 1902 611 1954 219,
636 1903 690 1944 26
715 1906 990 1957 potuerant).
1038 1903 1134 1945 inde
1168 1903 1294 1945 etiam
1327 1904 1592 1946 coniecturae
1624 1904 1719 1953 268,
1744 1904 1797 1945 27

299 1970 459 2023 aliquid
492 1972 797 2024 probabilitatis
831 1984 1071 2014 accrescere
1102 1972 1225 2024 puto:
1265 1973 1480 2027 <quamuis
1508 1972 1796 2025 probauertm)

297 2053 372 2080 uos
402 2041 589 2081 saeuire
623 2042 786 2095 (uentre
817 2040 871 2094 V)
905 2043 1054 2082 contra
1084 2040 1151 2082 dei
1180 2040 1413 2093 fami-liam.
1456 2040 1501 2081 id
1534 2041 1642 2082 enim
1673 2040 1797 2085 facile

295 2107 337 2148 in
362 2109 581 2150 uos'aeuirc
602 2110 823 2152 uosuenire
846 2110 958 2151 abire
980 2109 1127 2163 potuit.
1172 2109 1284 2151 certe
1307 2110 1482 2151 uerbum
1504 2108 1650 2150 fortius
1674 2122 1797 2163 quam

297 2177 441 2217 uenire
473 2177 748 2219 desideratur.

357 2258 470 2298 Inter
503 2258 667 2311 singula
697 2272 795 2300 uero
827 2259 1045 2310 uocabula,
1079 2271 1252 2313 quorum
1289 2258 1609 2312 deprauationes
1636 2271 1660 2299 a
1685 2270 1795 2300 com-

298 2325 544 2378 pendiorum
578 2339 653 2367 usu
685 2328 936 2380 repetendae
959 2328 1166 2378 uidentur,
1198 2327 1425 2381 principem
1450 2327 1590 2369 locum
1613 2326 1799 2368 obtinent

298 2394 454 2435 formae
476 2395 765 2447 pronominum
788 2397 829 2437 et
850 2396 1164 2449 particularum,
1189 2410 1236 2438 ex
1254 2409 1334 2450 quo
1350 2408 1519 2437 numero
1536 2395 1797 2449 potissimum

301 2462 467 2504 afferam
494 2475 600 2516 quae
632 2464 813 2505 nondum
846 2465 896 2506 ab
930 2464 1023 2505 aliis
1055 2465 1172 2506 erant
1203 2464 1439 2506 correctae:
1471 2464 1538 2513 81,
1571 2463 1597 2504 2
1623 2463 1723 2504 tatis
1743 2465 1799 2504 est

302 2531 504 2584 Georyt'us
535 2532 675 2584 qualis
703 2532 844 2585 fuerat
865 2533 1024 2574 Arrius
1055 2533 1300 2586 qualesque
1333 2532 1495 2587 (quales
1515 2532 1588 2585 qui
1611 2532 1665 2584 V)
1699 2533 1799 2572 sant

309 2597 461 2639 Valens
492 2602 528 2640 et
559 2599 757 2641 Vrsacius
798 2600 866 2655 (cf.
900 2601 996 2651 285,
1030 2601 1085 2643 20
1116 2601 1187 2643 ubi
1217 2602 1359 2654 itaque
1393 2599 1525 2641 Tilius
1561 2600 1603 2640 in
1633 2600 1697 2641 ita
1727 2599 1799 2652 qui

298 2666 510 2719 mutauit).
546 2668 638 2718 186,
673 2669 722 2709 17
755 2682 861 2721 quae
889 2670 979 2724 (qui
1001 2668 1055 2722 V)
1088 2670 1175 2711 nisi
1205 2669 1352 2722 feceris
1385 2668 1660 2723 (praecedunt
1691 2667 1798 2708 enim

299 2747 405 2787 quae
429 2735 716 2777 Constantium
738 2738 876 2779 facere
898 2738 1046 2791 iubet),
1080 2738 1126 2779 ut
1157 2737 1252 2788 308,
1276 2738 1303 2779 4
1333 2751 1439 2791 qnae
1459 2750 1531 2791 pro
1553 2738 1627 2790 qui
1650 2736 1797 2779 Coleti.

298 2826 353 2836 Ὗ
379 2802 471 2852 179,
504 2803 557 2844 23
588 2804 656 2844 sed
688 2805 776 2856 qui
810 2807 928 2859 (quid
949 2805 1004 2858 V)
1029 2806 1135 2848 dicis
1167 2807 1309 2847 uiuere
1339 2808 1376 2847 te
1406 2807 1454 2847 in
1477 2806 1657 2857 Christo,
1689 2805 1800 2847 unde
