1934 3278
301 283 373 312 1111

301 396 393 437 Has
427 396 567 436 autem
601 393 743 435 crebro
777 405 858 434 non
891 394 1003 447 ipsas
1027 405 1121 435 eum
1144 393 1290 443 adisse,
1324 395 1393 435 sed
1417 392 1667 448 Cypriani
1698 394 1820 435 testi-

302 464 452 505 moniis
485 463 730 516 plerumque
762 474 885 504 usum
918 474 1005 504 esse
1038 462 1256 504 ostendere
1289 466 1459 504 conatus
1492 476 1583 505 sum
1613 476 1819 506 commen-

301 532 480 583 tatione,
530 543 633 585 quae
672 530 917 572 inscribitur
956 530 1298 573 ‘Commodianus
1332 532 1416 573 und
1447 531 1648 585 Cyprians
1682 533 1819 574 Testi-

303 603 453 642 monia'
491 600 706 653 (Zeitschr.
740 599 770 641 f.
803 599 1041 641 wissensch.
1077 599 1219 641 Theol.
1244 600 1367 642 XXII
1401 613 1440 653 p.
1464 601 1548 642 374
1570 604 1692 654 sqq.).
1741 601 1820 644 Sed

303 682 348 710 ex
381 669 529 710 ceteris
563 681 725 722 quoque
758 667 955 722 Cypriani
988 668 1179 721 operibus
1217 680 1311 709 eum
1350 668 1570 722 delibasse,
1620 668 1821 722 quidquid

303 738 338 778 ei
385 737 649 779 commodum
697 737 937 790 uidebatur,
987 736 1135 777 multis
1182 740 1354 789 apparet
1402 738 1613 791 exemplis.
1680 738 1820 779 Etiam

303 806 703 848 Ter-tullianeae
738 807 778 846 et
808 804 1140 846 Minucianae
1181 805 1377 846 lectionis
1414 805 1523 858 apud
1555 805 1820 848 Commodia-

304 888 403 917 num
435 887 648 916 occurrere
680 874 862 927 uestigia
892 874 975 916 iam
1009 874 1172 927 pridem
1204 874 1538 917 animaduersum
1572 877 1635 917 est
1649 875 1699 928 5).

361 956 419 996 De
454 955 615 996 duabus
648 955 749 1003 uiis,
790 955 938 1008 quibus
970 967 1042 1008 per
1074 954 1209 996 uitam
1241 955 1370 1007 possit
1402 955 1596 1008 migrari,
1630 955 1822 998 Commo-

305 1025 449 1067 dianus
481 1025 645 1078 saepius
668 1024 705 1078 (I
728 1023 796 1077 22,
823 1024 895 1074 15;
930 1023 982 1065 A.
1005 1023 1106 1076 699)
1133 1023 1193 1064 ita
1215 1023 1411 1076 loquitur,
1445 1026 1491 1064 ut
1515 1037 1560 1065 ea
1583 1025 1652 1078 qui
1674 1024 1822 1078 legerit

303 1107 381 1135 non
413 1094 546 1147 possit
569 1105 651 1134 non
674 1104 897 1148 agnoscere
920 1104 1022 1145 quae
1045 1092 1094 1133 de
1118 1092 1275 1134 eisdem
1297 1092 1392 1143 uiis,
1427 1105 1509 1134 una
1531 1094 1655 1146 uitae,
1690 1095 1822 1135 altera

304 1163 463 1212 mortis,
496 1162 538 1204 in
570 1163 759 1204 doctrina
795 1161 871 1202 illa
903 1162 1187 1215 apostolorum
1219 1163 1411 1216 aguntur.
1455 1161 1567 1212 Quae
1597 1163 1741 1203 utrum
1773 1175 1820 1204 ex

303 1232 391 1286 ipso
431 1232 505 1273 illo
546 1231 658 1273 fonte
698 1231 849 1273 hausta
885 1230 968 1271 sint
1000 1242 1050 1272 an
1084 1243 1131 1271 ex
1162 1230 1298 1272 riuulo
1340 1230 1477 1284 aliquo
1518 1231 1614 1272 inde
1655 1231 1823 1272 descen-

307 1302 448 1351 dente,
483 1300 602 1341 uelut
634 1313 680 1340 ex
712 1299 895 1352 epistula
926 1299 1216 1350 Barnabae,
1250 1311 1330 1340 non
1362 1300 1545 1340 multum
1578 1300 1728 1341 attinet
1746 1298 1795 1352 θ).

362 1380 485 1422 Haud
509 1391 599 1421 raro
621 1378 948 1421 Commodianus
981 1378 1206 1420 Hermae
1238 1379 1501 1433 pastorem
1533 1379 1700 1421 uidetur
1728 1380 1824 1420 imi-

305 1453 419 1491 tatus
452 1461 554 1503 esse,
590 1448 707 1490 cuius
740 1448 799 1489 rei
830 1447 1052 1490 Adolfus
1079 1447 1328 1489 Harnack
1359 1449 1519 1502 primus
1552 1450 1657 1502 quod
1692 1448 1823 1490 seiam

306 1518 467 1560 monuit
489 1516 537 1572 ⁷).

369 1599 555 1651 Denique
579 1597 878 1639 Theodorus
901 1595 1086 1650 ZahnS)
1113 1596 1221 1638 uidit
1244 1598 1588 1638 commentarium
1612 1596 1824 1651 euangeli-

309 1680 447 1719 orum,
498 1666 568 1719 qui
600 1666 676 1708 sub
709 1665 929 1719 Theophili
965 1664 1134 1706 nomine
1166 1665 1471 1716 circumfertur,
1506 1677 1600 1707 cum
1632 1664 1823 1706 Commo-

310 1736 434 1778 diano
467 1734 631 1788 saepius
664 1735 726 1776 ita
758 1735 1015 1787 conspirare,
1059 1736 1106 1776 ut
1139 1733 1368 1776 uerisimile
1400 1734 1454 1775 sit
1486 1733 1826 1775 Commodianum

311 1805 421 1846 locos
466 1804 668 1857 quosdam
710 1806 782 1845 aut
824 1803 939 1845 illius
982 1803 1273 1845 commentarii
1305 1806 1377 1845 aut
1417 1803 1567 1854 fontis,
1616 1804 1723 1845 unde
1755 1803 1825 1845 ille

308 1873 512 1928 originem
544 1873 684 1923 duxit,
717 1873 916 1914 memoria
947 1873 1139 1915 tenuisse.

364 1953 427 1995 Ne
457 1953 650 2005 profanas
683 1952 851 2007 quidem
885 1953 1072 2003 litteras,
1116 1965 1218 2006 quas
1249 1952 1392 2004 illum,
1433 1952 1675 2005 priusquam
1707 1951 1826 1993 Chri-

308 2022 468 2063 stianus
499 2022 637 2072 fieret,
686 2022 923 2075 amplexum
956 2034 1044 2063 esse
1077 2020 1316 2063 Gennadius
1348 2023 1546 2071 testatur,
1593 2022 1736 2075 postea
1768 2021 1829 2063 ita

312 2090 486 2143 spreuit,
519 2092 566 2131 ut
599 2090 656 2131 eis
688 2092 785 2131 data
816 2090 1031 2132 occasione
1063 2091 1124 2131 uti
1157 2090 1301 2131 nollet.

368 2172 422 2212 Et
453 2170 767 2212 Horatianos
800 2171 909 2213 locos
928 2170 1272 2213 Commodianum
1304 2171 1347 2212 in
1371 2172 1551 2212 carmine
1574 2171 1827 2225 apologetico

314 2240 426 2281 haud
468 2252 561 2282 raro
604 2241 809 2294 attingere
851 2241 1118 2282 Martinus
1151 2240 1308 2281 Hertz
1350 2240 1393 2281 in
1432 2239 1570 2281 indice
1602 2240 1828 2281 lectionum

314 2309 569 2350 aestiuarum
593 2309 987 2351 Vratislauiensium
1012 2310 1108 2351 anni
1135 2309 1244 2351 1880
1266 2310 1472 2362 probauit.
1507 2309 1624 2350 Addo
1648 2310 1704 2350 eis
1726 2320 1829 2362 quae

371 2434 399 2478 ⁵)
426 2434 481 2469 Cf.
508 2434 663 2478 Rigaltii
688 2433 858 2478 praefata
893 2433 1006 2467 Stilus
1032 2432 1310 2476 (Commodiani)
1333 2432 1525 2467 Africanae
1550 2432 1700 2466 ferociae
1724 2431 1830 2465 rusti-

315 2492 463 2525 citatem
505 2491 621 2535 sapit,
671 2501 758 2535 quae
800 2494 918 2525 tamen
961 2490 1005 2524 ad
1052 2490 1215 2524 acumina
1256 2489 1560 2530 Tertulliani,
1605 2489 1828 2533 Cypriani,

313 2548 505 2582 Minucii
540 2559 609 2581 non
644 2548 890 2591 infrequenter
925 2547 1068 2581 alludit.

371 2605 394 2643 ⁶5
423 2606 477 2640 Cf.
511 2605 651 2649 Διὸαχὴ
684 2609 758 2638 τῶν
784 2605 927 2637 δώδεκα
953 2604 1183 2647 ἀποστόλων,
1222 2604 1320 2638 cuius
1351 2604 1414 2638 hoe
1447 2606 1500 2637 est
1533 2604 1696 2637 initium:
1736 2599 1830 2635 Όόοὶ.

314 2663 379 2695 duo
407 2662 493 2705 ‹tio-i,
532 2663 596 2706 μία
622 2662 685 2706 τῆς
708 2663 802 2706 ζωῆς
827 2663 883 2695 καὶ
913 2663 976 2706 μιά
1008 2664 1073 2696 τοῦ
1106 2662 1286 2696 θανάτου
1336 2662 1447 2696 Adolf
1469 2661 1633 2695 Harnack
1660 2661 1695 2694 in
1729 2660 1830 2704 epist.

316 2719 421 2753 Barn.
449 2732 476 2753 c.
504 2721 556 2754 18.

377 2778 400 2817 τ)
429 2777 550 2811 Theol-
576 2776 842 2812 Literaturzeit.
870 2778 958 2812 1819
984 2788 1016 2822 p.
1043 2778 1083 2811 51
1114 2788 1189 2821 sqq.

374 2834 397 2870 ⁸>
424 2833 677 2878 F‹·1·schungen
696 2847 756 2869 zur
775 2835 988 2870 Geschiclite
1007 2835 1065 2869 des
1091 2834 1474 2869 noutestamentliclieii
1495 2834 1638 2867 Kamous
1657 2833 1694 2867 Il
1714 2844 1745 2877 p.
1763 2831 1827 2865 301

315 2900 377 2933 sq.,
410 2890 465 2923 ΙΙΙ
495 2902 527 2934 p.
553 2891 620 2924 ‘25⁴3
648 2903 722 2935 sqq.
