1934 3278
224 241 290 270 XII

222 365 370 407 passus
402 352 492 402 sim,
527 363 632 404 quae
665 354 699 392 te
725 363 755 392 s.
777 350 804 390 l.
833 349 1066 403 adscripsit,
1100 349 1211 403 quod
1236 362 1469 403 expungere
1493 337 1721 393 debebam:

223 426 270 463 tu
289 435 338 463 ex
358 420 596 462 hominibus
612 421 841 471 serpentem
858 418 925 472 [te]
946 418 1040 470 sieri
1054 419 1241 470 potuisse
1257 431 1298 459 es
1315 418 1560 461 arbitratus.
1586 418 1721 460 eidem

222 490 430 532 immerito
452 489 579 530 fidem
601 486 739 536 habui,
764 499 858 527 cum
877 486 942 535 71,
964 486 1015 527 16
1038 489 1073 527 et
1096 499 1297 528 mensura
1319 487 1435 528 iusta
1455 490 1514 529 est
1535 489 1610 541 (est
1627 486 1722 528 add.

222 572 331 600 man.
356 559 414 613 2),
440 562 485 599 ut
506 558 721 599 statuisses
741 555 872 607 fuisse
885 568 968 607 per
988 567 1062 596 nos
1083 555 1319 596 necandum
1341 555 1633 597 innocentem?
1654 556 1726 598 ubi

222 627 390 668 Lucifer
422 626 532 668 certe
554 626 607 667 sit
629 624 698 665 uel
720 627 819 666 esset
842 622 1040 673 dedisset,
1075 624 1199 676 atque
1223 623 1338 665 aliud
1359 623 1438 664 nisi
1459 623 1581 665 fallor
1601 637 1723 665 men-

225 696 323 737 dum
347 695 490 737 subest
512 693 753 745 auctorique
775 691 1036 733 reddendum
1058 695 1096 733 et
1114 705 1313 734 mensura
1334 693 1451 734 iusta
1476 696 1528 734 tu
1549 694 1724 734 statuis-

220 777 296 807 363.
318 789 373 794 -
397 763 539 804 dubito
566 762 704 811 etiam,
729 773 826 802 num
849 760 916 810 64,
945 761 994 802 17
1014 763 1113 815 fuqe
1135 762 1420 817 adulatorum,
1447 763 1519 815 qui
1541 763 1617 804 tibi
1640 776 1726 804 non

220 833 384 885 fuerint
423 832 591 885 diynati
633 844 737 883 quae
774 842 816 871 36
848 829 1001 871 habent
1042 831 1188 882 dicere,
1223 832 1516 883 perniciosam
1557 830 1726 872 laudem

221 900 373 942 uocula
394 901 439 940 in
465 900 558 940 ante
580 912 620 940 se
641 898 880 939 necessaria
902 898 967 948 sit,
1001 911 1096 939 cum
1119 912 1224 951 quae
1245 912 1285 941 se
1305 899 1458 941 habent
1477 899 1591 940 idem
1614 899 1725 952 quod

222 983 327 1022 quae
358 972 455 1010 sunt
487 967 723 1020 significare
755 967 885 1009 uerba
916 967 983 1017 51,
1011 967 1066 1009 20
1098 968 1170 1020 qui
1192 968 1366 1009 credunt
1388 970 1587 1021 quo-modo
1618 981 1724 1009 3636

221 1038 454 1079 continet
495 1036 569 1077 illa
600 1036 703 1088 fides
733 1036 946 1088 descripta
978 1036 1094 1087 apud
1125 1036 1300 1078 Niciam
1337 1037 1512 1089 probare
1548 1036 1721 1089 possint,

222 1107 262 1148 et
295 1105 388 1155 124,
414 1105 466 1146 15
487 1104 724 1146 Luciferum
747 1103 963 1157 scripsisse
987 1104 1097 1157 quod
1120 1104 1251 1146 codex
1271 1105 1513 1158 suppeditat
1533 1118 1724 1158 cognosce

219 1175 360 1227 itaque
391 1188 417 1215 a
449 1173 566 1226 (secali
597 1186 670 1214 nos
700 1172 883 1214 uolueris
910 1172 1154 1225 pertrahere
1179 1174 1236 1215 ad
1256 1177 1431 1215 mortem
1461 1173 1721 1226 putauerim;

218 1255 365 1284 manus
404 1254 549 1284 recens
582 1256 609 1283 a
638 1242 758 1294 quali
797 1254 871 1282 nos
909 1241 1028 1294 bono,
1069 1243 1157 1295 ipse
1190 1257 1217 1283 a
1248 1242 1368 1294 quati
1399 1255 1469 1295 spe
1504 1242 1573 1296 (cf.
1605 1241 1632 1282 1.
1671 1242 1722 1283 12

218 1312 415 1364 quomodo
447 1312 575 1352 bonae
605 1311 691 1363 spei
722 1310 806 1363 filii
837 1311 1046 1364 erimusje‘)
1084 1311 1194 1352 dedi.
1244 1325 1272 1352 a
1302 1311 1420 1364 quali
1452 1310 1561 1351 enim
1591 1323 1663 1363 pro
1697 1325 1724 1351 a

217 1394 296 1433 quo
319 1380 504 1421 :unde
537 1379 694 1420 dictum
728 1392 818 1420 esse
850 1379 999 1432 potest.
1024 1406 1079 1410 —
1102 1380 1228 1421 simili
1259 1380 1367 1421 inter
1400 1392 1442 1421 se
1475 1379 1720 1420 condicione

220 1449 340 1490 alteri
374 1448 453 1489 duo
483 1447 565 1489 loci
597 1448 704 1497 sunt,
744 1447 892 1500 quibus
923 1448 1007 1488 iam
1038 1461 1117 1489 non
1151 1447 1449 1489 additamentis
1482 1447 1556 1488 sed
1589 1446 1721 1500 expli—

218 1517 381 1559 catione
422 1516 748 1558 succurrendum
788 1528 878 1558 esse
918 1529 1162 1569 persuasum
1195 1517 1395 1558 habeam:
1440 1515 1536 1566 204,
1568 1516 1619 1558 21
1654 1516 1721 1557 di-

219 1590 371 1628 centem
410 1586 551 1638 itaque
588 1586 716 1626 istum
758 1589 987 1638 serpentem
1023 1600 1105 1639 per
1144 1590 1180 1627 te
1221 1586 1277 1627 ad
1309 1598 1384 1627 nos
1420 1582 1573 1638 ‘mayis
1603 1585 1719 1626 eritis

217 1655 332 1706 iusti,
364 1655 401 1696 si
422 1680 476 1684 —
498 1655 762 1707 susceperitis
785 1649 1031 1708 perfidiam'
1064 1654 1255 1696 calcatur
1287 1656 1362 1708 (sc.
1397 1654 1585 1707 serpens)
1610 1667 1720 1706 pron

212 1724 324 1776 pitio
355 1723 427 1764 deo
459 1723 507 1763 in
538 1726 573 1764 te
604 1723 772 1776 quidem
792 1724 882 1764 iam
903 1737 931 1764 a
952 1723 1070 1764 nobis
1090 1722 1316 1776 fallaciam
1340 1723 1477 1774 ipsius
1498 1722 1721 1764 scientibus

223 1792 263 1833 et
294 1792 389 1842 218,
425 1792 475 1833 13
514 1793 741 1833 Amasiam
786 1805 919 1846 reyem
960 1791 1096 1832 Iudae
1134 1791 1427 1832 commonitum
1466 1804 1493 1831 a
1533 1791 1605 1832 deo
1643 1804 1721 1843 per

212 1860 477 1913 prophetam,
525 1874 576 1901 ne
620 1873 669 1901 exc
711 1859 819 1913 filiis
865 1859 1003 1901 Israel
1049 1872 1151 1912 quos
1188 1884 1243 1890 -
1283 1860 1540 1901 conduxerat
1585 1872 1716 1901 secum

219 1930 399 1982 fuissent
433 1930 612 1982 profecti
651 1929 706 1970 ad
745 1929 897 1970 bellum
928 1954 995 1979 —,
1035 1928 1336 1981 obtemperauit
1381 1941 1453 1968 rex
1490 1927 1720 1980 prophetae

217 1998 388 2039 uerbis?
418 2010 564 2050 nempe
589 1997 819 2038 accusatiui
840 1997 902 2038 illi
924 1998 1128 2038 dicentem
1149 2022 1203 2026 —
1225 1999 1467 2049 serpentem,
1491 1997 1718 2038 Amasiam

217 2079 349 2119 reyem
367 2067 657 2107 commonitum
679 2065 818 2106 locum
837 2065 1117 2107 ablatiuorum
1135 2065 1420 2107 absolutorum
1438 2066 1593 2116 tenent,
1618 2078 1717 2119 quo-

218 2146 310 2175 rum
334 2134 567 2187 exemplum
591 2134 716 2175 etiam
738 2134 778 2174 in
801 2134 1031 2187 scripturae
1050 2134 1188 2176 uerbis
1209 2135 1304 2185 257,
1323 2135 1373 2175 21
1395 2134 1525 2176 codex
1546 2135 1718 2188 praebet

218 2203 287 2243 sed
325 2203 381 2243 ad
418 2204 502 2243 ista
547 2203 837 2245 adolescentem
876 2217 962 2244 non
1008 2204 1289 2245 intendentem
1333 2204 1603 2257 (adolescente
1633 2218 1719 2246 non

216 2271 453 2312 intendente
476 2270 626 2321 Coleti)
658 2273 830 2313 uocauit
859 2276 1037 2313 matrem
1058 2276 1094 2314 et
1114 2272 1328 2323 suadebat,
1365 2272 1445 2313 duo
1467 2273 1508 2313 in
1530 2273 1716 2314 Ennodio

216 2339 311 2388 392,
346 2339 369 2380 8
403 2339 443 2379 et
473 2338 569 2389 470,
602 2340 658 2382 24
690 2340 752 2382 ed.
791 2341 956 2382 nostrae
999 2342 1064 2383 Fr.
1098 2341 1264 2395 Vogelii
1307 2354 1482 2383 acumen
1526 2341 1715 2395 dispexit.

273 2418 470 2471 Reliquos
516 2420 631 2461 locos
676 2421 761 2462 iam
807 2422 949 2463 ordine
988 2422 1235 2475 paginarum
1274 2434 1513 2475 persequar,
1562 2422 1633 2463 ubi
1667 2423 1716 2464 ab

219 2487 310 2528 aliis
341 2487 409 2527 ue]
443 2500 465 2528 a
494 2501 561 2529 me
591 2489 680 2542 ipso
720 2490 825 2532 falso
864 2491 1040 2532 lacunae
1074 2490 1254 2544 suspicio
1286 2491 1400 2532 mota
1432 2490 1514 2531 est:
1561 2491 1629 2540 44,
1666 2492 1715 2532 17

216 2555 437 2596 hortamur
480 2560 525 2597 ut
573 2561 692 2599 temet
736 2561 868 2600 tantis
907 2574 934 2600 a
969 2561 1097 2602 matis
1140 2561 1299 2613 eripere
1342 2559 1544 2612 diyneris.
1594 2562 1633 2600 et
1676 2574 1716 2601 es

215 2623 369 2664 habens
406 2624 639 2680 <emempla>
685 2627 872 2680 insuper,
919 2642 1006 2670 non
1050 2632 1096 2670 tu
1134 2630 1306 2682 primus
1348 2628 1471 2681 facis.
1527 2627 1716 2681 exempla

219 2692 327 2732 enim
358 2692 524 2734 Lucifer
554 2696 834 2746 recensuerat,
883 2698 1031 2749 quibus
1069 2697 1189 2738 tarde
1227 2697 1341 2746 licet,
1386 2696 1577 2737 inimicos
1618 2708 1714 2738 suos

218 2759 341 2800 deum
373 2760 516 2813 punire
540 2761 721 2813 doceret,
753 2766 800 2805 ut
820 2765 916 2805 inde
940 2765 1122 2818 suppleri
1144 2766 1298 2818 possit:
1332 2776 1427 2805 cum
1452 2764 1547 2805 ante
1571 2764 1713 2805 oculos

215 2827 371 2869 habeas
405 2840 474 2869 eos
506 2830 574 2882 qui
608 2831 703 2872 ante
734 2833 775 2872 te
806 2832 909 2873 talia
940 2833 1296 2886 perpetrauerunt.
1339 2845 1483 2874 uerum
1515 2833 1592 2874 hoc
1615 2845 1713 2885 sup-
