1934 3278
316 270 442 311 376'
758 291 761 294 *
1031 268 1185 303 Index

318 405 358 429 su
385 394 550 429 erhabere
588 393 616 438 (ἱ)
647 409 692 424 =
721 394 918 439 neyleyere)
956 403 1077 428 11000111

360 406 495 493 i'vonsis
520 440 574 480 73,
599 440 622 473 4

319 496 530 530 superiorem
556 485 659 520 alicui
683 495 720 520 se
745 485 858 519 dicere
883 484 960 526 277,
986 484 1029 519 20

317 542 550 575 superuacuus
576 532 631 574 (=
655 530 799 576 uanus)
824 530 878 572 55,
905 530 948 566 12

318 577 538 621 superuiuere
563 576 618 617 41,
644 576 699 611 26.
723 576 778 617 43,
806 576 824 610 1

317 622 499 667 suppurati
514 632 647 657 ueneno
665 621 840 656 haeretico
856 622 946 657 oculi
962 621 1039 663 266,
1058 620 1079 656 8

322 668 523 712 suppuratio
550 667 626 709 313,
653 667 696 702 22

319 714 593 748 sursumuocatio
619 713 665 757 (Ρ)
688 713 765 754 286,
792 713 836 748 30

320 759 493 839 31181081ἕοτὲ
535 762 592 803 (=
628 760 804 804 accipere)
842 759 934 794 Arrii
973 758 1080 794 fidem

321 861 420 885 suus:
445 851 529 885 tunc
546 850 700 884 dicturus
720 860 806 895 quae
824 851 910 885 dicit
928 850 1079 885 dicturos

368 907 447 949 suos
484 897 721 940 persecutores
761 897 913 931 militum
949 896 1080 949 Christi

368 941 858 1038 32532222533330123253
879 945 991 1023 §2222
1003 953 1080 1023 &2532

367 1044 424 1068 mo
450 1037 504 1069 est
528 1034 606 1068 'nisi
632 1034 658 1077 f.
684 1044 746 1068 uos
772 1035 975 1080 leyendum)

322 1161 439 1206 Tamz
462 1170 625 1206 undecim
647 1173 722 1205 tam
738 1170 959 1215 presbyteros
979 1180 1081 1215 quam
1108 1159 1110 1192 ’ἶ

370 1217 477 1252 etiam
496 1216 658 1251 diacones
683 1217 762 1258 330,
781 1217 812 1251 8.
841 1216 973 1260 (frater)
992 1216 1080 1251 solet
1110 1243 1111 1247 ,

367 1265 441 1297 tam
466 1263 663 1297 necessaria
690 1273 791 1307 quam
817 1262 983 1306 epistulas
1006 1263 1081 1296 tam

368 1309 570 1343 sanctitatis
595 1311 677 1342 tuae
696 1320 798 1352 quam
815 1309 960 1342 aliorum
977 1308 1082 1342 desti—

369 1365 451 1388 nare
477 1355 553 1389 325.
574 1355 593 1388 7
612 1355 659 1397 cf.
676 1354 731 1395 42,
747 1354 800 1389 23.
825 1355 900 1388 tam
919 1354 1081 1388 acerrime
1110 1378 1112 1387 .

312 1446 465 1525 tametsi
477 1447 668 1490 peccasset,
686 1445 799 1480 fuerat
811 1445 993 1490 pellendus
1007 1445 1081 1487 181,

319 1538 504 1582 tamquam
540 1537 627 1571 nihil
666 1549 701 1571 se
739 1537 867 1572 habere
903 1537 1082 1572 Israelitas

370 1583 422 1624 52,
449 1584 480 1619 2.
507 1583 640 1617 conaris
667 1583 712 1617 ad
736 1583 969 1618 Athanasium
985 1584 1081 1628 iugu-

370 1629 513 1663 landum
537 1631 717 1673 tamquam
746 1629 776 1662 is
800 1629 902 1663 homo
931 1630 987 1674 qui
1011 1641 1081 1664 non

371 1675 569 1709 memineris
596 1676 650 1716 77,
679 1675 719 1709 11
750 1675 807 1718 (cf.
836 1676 945 1720 quasi)

320 1721 417 1754 tanti
442 1723 498 1765 (=
523 1723 605 1764 tot).·
630 1722 807 1755 tantorum
823 1720 1083 1756 interfectorem

372 1766 529 1800 extitisse
555 1778 729 1800 seruorum
748 1767 800 1807 68,
819 1767 862 1800 25
888 1767 936 1810 cf.
953 1767 1009 1807 44,
1029 1768 1081 1801 16.

371 1811 448 1853 101,
475 1813 506 1847 5.
545 1812 620 1853 105,
653 1812 705 1846 32.
746 1812 819 1853 173,
853 1812 908 1846 25.
945 1813 1023 1854 331,
1051 1813 1080 1848 9.

372 1859 425 1891 est
452 1858 542 1892 enim
566 1858 642 1902 ipsa
667 1859 798 1892 ueritas
822 1859 924 1893 testis
943 1860 1081 1903 optasse

371 1914 425 1937 me
452 1906 487 1937 et
512 1903 728 1938 desiderasse
754 1904 817 1938 hoe
835 1905 1020 1949 impetrare
1048 1907 1084 1939 et

370 1950 509 1983 tantum
533 1949 696 1983 habuisse
722 1949 874 1984 dolorem
900 1950 991 1995 quod
1013 1961 1083 1984 non

370 1995 468 2039 potui
493 1994 569 2035 326,
596 1995 650 2029 27.
678 1996 735 2039 qui
760 2006 836 2030 cum
860 1998 1001 2030 tantum
1027 2007 1081 2030 ex-

375 2040 533 2074 altemini
558 2041 612 2081 43,
638 2041 681 2075 32
709 2042 769 2084 (cf.
795 2052 982 2086 numquam
1006 2043 1083 2076 tan-

371 2087 446 2119 tum
474 2087 527 2130 [=
554 2087 712 2131 tamdiu]
738 2087 943 2131 imperarem
966 2087 1022 2129 49,
1048 2088 1082 2131 9)

373 2151 415 2156 —
441 2134 542 2165 tanto
569 2153 613 2157 —
639 2134 769 2177 quanto
796 2133 843 2175 cf.
870 2135 998 2178 quanto

324 2176 446 2211 tardus
471 2188 648 2212 recensere
677 2178 751 2218 129,
779 2179 822 2213 18

324 2225 518 2267 temperare
536 2226 595 2268 (Ξ
613 2225 871 2269 obtemperare)
887 2225 941 2265 31,
956 2224 987 2258 2.
1008 2226 1083 2265 135,

372 2268 427 2303 28.
459 2269 535 2310 136,
562 2268 616 2304 31.
651 2270 726 2311 159,
752 2270 784 2304 3.
816 2270 893 2311 202,
922 2270 974 2304 15.
1006 2270 1082 2311 236,

374 2315 403 2348 7.
430 2315 507 2355 244,
525 2315 578 2349 24.
597 2315 675 2356 248,
695 2316 748 2350 19.
766 2317 844 2357 251,
863 2317 916 2350 27.
942 2316 1020 2357 302,
1041 2317 1081 2351 11

322 2361 516 2404 temporale
540 2372 684 2405 regnum
709 2362 785 2402 248,
806 2362 858 2396 18.
883 2363 1083 2407 temporalis

371 2408 484 2440 metus
509 2408 586 2447 326,
614 2408 655 2442 19

326 2453 536 2496 temporaria
560 2453 635 2487 uita
659 2453 713 2494 49,
740 2453 784 2488 28

328 2501 511 2542 tempora.-
530 2498 700 2543 quomodo
717 2499 965 2544 potueramus?
982 2501 1014 2541 4,
1029 2500 1083 2534 31.

374 2545 404 2583 5,
430 2543 462 2577 2.
491 2544 520 2585 6,
548 2544 602 2577 20.
628 2544 682 2577 26.
710 2545 762 2586 10,
789 2545 843 2579 21.
869 2545 923 2579 28.
951 2546 1003 2586 11,
1031 2545 1084 2579 11.

375 2589 427 2629 15,
455 2589 509 2623 20.
537 2590 663 2630 19,11.
691 2591 767 2631 104,
788 2591 978 2635 &passim
1006 2602 1085 2636 quo-

373 2634 474 2669 modo
491 2636 716 2679 poteramus?
734 2637 764 2677 7,
785 2637 837 2671 13.
857 2637 909 2677 14,
929 2637 981 2671 11.
1008 2648 1086 2671 0011-

374 2682 490 2715 uenire
526 2682 696 2726 quomodo
728 2683 917 2726 potuerat?
951 2683 1004 2723 14,
1031 2683 1086 2717 27.

375 2726 543 2770 quomodo
568 2728 731 2771 poterat?
757 2729 787 2768 5,
805 2728 860 2762 20.
879 2729 931 2768 17,
950 2729 981 2762 5.
1008 2739 1087 2773 quo-

373 2771 475 2806 modo
494 2772 711 2808 aduersarius
729 2774 876 2808 reuereri
899 2773 1086 2818 potuerat?

376 2817 546 2861 quomodo
579 2818 621 2852 de
653 2830 688 2854 se
720 2819 807 2853 nihil
837 2820 950 2863 possit
974 2819 1086 2854 dicere

375 2863 486 2897 mali?
529 2863 603 2903 198,
647 2866 678 2898 6.
728 2865 896 2909 quomodo
935 2876 1085 2899 essemus

377 2908 490 2943 casti?
518 2910 686 2953 quomodo
713 2921 782 2945 11011
801 2911 1086 2945 communicasse-

1181 404 1256 429 mus
1281 394 1336 435 25,
1362 393 1418 428 22.
1444 394 1498 429 24.
1534 395 1582 437 cf.
1603 392 1727 430 ‘modi’
1759 415 1801 420 —
1835 396 1896 431 ubi

1182 441 1236 474 est
1247 439 1335 474 fides
1348 441 1421 481 tua,
1436 440 1493 485 qui
1506 439 1736 475 damnaueras
1751 442 1786 475 et
1799 441 1896 476 illam

1182 486 1347 520 statueris
1385 486 1639 530 suscipiendam
1682 486 1756 527 187,
1794 487 1815 521 9
1851 507 1897 514 —

1182 530 1321 565 uidetur
1345 530 1436 566 unde
1462 532 1509 575 sit
1533 531 1632 566 radix
1655 533 1728 573 tua,
1761 531 1803 566 de
1831 543 1896 577 qua

1183 576 1422 611 descendisset
1439 577 1545 621 stirpe
1565 577 1640 618 158,
1659 578 1713 612 21.
1739 578 1897 622 increpat

1185 622 1275 666 quod
1299 634 1369 657 non
1394 622 1570 657 delessent
1594 623 1647 664 32,
1677 623 1729 657 17.
1754 634 1833 658 mox
1858 625 1898 658 ut

1183 667 1341 702 ascendit
1377 669 1413 702 in
1446 668 1550 703 corda
1575 678 1700 710 eorum,
1756 670 1814 703 uia
1838 669 1897 704 ille

1182 714 1230 747 sit
1254 713 1338 748 deus
1365 714 1423 758 qui
1448 724 1565 748 eorum
1614 716 1706 749 atres
1724 726 1741 749 e
1768 715 1899 749 uxisset

1184 759 1237 800 38,
1267 759 1319 794 13.
1346 760 1375 793 si
1393 759 1492 794 audit
1511 770 1575 804 quo
1618 759 1777 794 dominus
1794 760 1899 794 fuerit

1183 806 1293 839 iratus
1326 807 1362 839 et
1395 805 1486 850 quod
1509 806 1635 840 iterum
1661 808 1753 840 esset
1777 816 1894 840 recon-

1184 851 1363 885 ciliaturus
1389 861 1425 885 se
1451 850 1529 891 258,
1555 851 1599 885 32
1625 852 1672 895 cf.
1699 852 1754 892 52,
1782 852 1811 885 7.
1860 853 1899 885 ut

1183 896 1437 937 manifestaret,
1475 897 1630 940 sequitur
1654 898 1824 942 scriptura
1849 897 1899 931 di-

1184 953 1264 977 cens
1289 942 1344 983 27,
1374 942 1426 976 12.
1452 942 1647 977 desideraui
1664 954 1816 978 reserare
1835 953 1897 987 quo

1183 988 1296 1032 possit
1319 999 1386 1022 uox
1410 988 1472 1022 illa
1488 990 1549 1022 tua
1567 989 1704 1033 sepeliri
1729 989 1783 1028 35,
1813 989 1833 1022 6
1850 988 1897 1031 cf.

1184 1035 1237 1074 53,
1262 1034 1314 1067 16.
1333 1034 1409 1074 201,
1427 1034 1481 1068 30.
1507 1033 1626 1068 dixisti
1644 1045 1709 1078 quo
1725 1034 1898 1078 potuisses

1185 1079 1248 1114 deo
1274 1080 1411 1124 placere
1426 1079 1497 1123 {hoc
1514 1081 1550 1114 te
1569 1079 1770 1124 adgressum
1785 1079 1899 1114 facere

1192 1125 1230 1166 9,
1267 1125 1320 1159 14.
1370 1125 1504 1160 directa
1541 1127 1594 1159 est
1625 1125 1820 1160 obsecratio
1853 1125 1898 1160 ad

1185 1171 1298 1212 deum,
1335 1182 1379 1205 ne
1411 1191 1454 1197 —
1479 1171 1581 1206 simul
1603 1172 1804 1215 periremus,
1839 1170 1900 1205 sed

1185 1216 1368 1251 fuissemus
1387 1217 1562 1261 segregati
1589 1217 1640 1257 12,
1659 1216 1713 1250 25.
1739 1227 1900 1251 mensura

1185 1263 1279 1297 iusta
1297 1264 1361 1304 est,
1378 1263 1417 1297 ut
1435 1263 1619 1297 statuisses
1635 1261 1742 1297 fuisse
1759 1274 1821 1307 per
1836 1273 1900 1297 nos

1186 1308 1381 1343 necandum
1411 1308 1595 1342 absentem
1627 1308 1678 1349 71,
1707 1308 1760 1342 16.
1806 1307 1901 1342 istud

1187 1356 1241 1388 est
1265 1365 1386 1399 sapere
1410 1355 1450 1388 ut
1475 1354 1639 1399 elegisses
1671 1354 1746 1396 101,
1772 1353 1815 1388 21
1853 1354 1899 1396 cf.
1922 1382 1925 1386 .

1189 1400 1241 1442 16,
1268 1400 1300 1434 2.
1331 1400 1386 1441 27,
1412 1399 1443 1433 9.
1469 1399 1522 1441 31,
1549 1400 1581 1434 5.
1613 1399 1669 1441 32,
1697 1399 1749 1434 15.
1782 1400 1835 1440 34,
1871 1400 1901 1433 7.

1186 1446 1241 1487 45,
1267 1446 1321 1480 20.
1347 1446 1400 1486 51,
1427 1445 1482 1480 34.
1515 1445 1570 1486 52,
1596 1445 1628 1480 8.
1653 1445 1708 1486 82,
1733 1446 1765 1481 3.
1791 1445 1844 1486 90,
1870 1445 1902 1479 3.

1187 1492 1241 1533 98,
1263 1491 1315 1525 12.
1343 1490 1419 1532 101,
1438 1491 1490 1525 21.
1513 1491 1586 1532 105,
1612 1491 1644 1526 8.
1673 1491 1725 1525 11.
1754 1491 1828 1532 113,
1850 1491 1900 1524 14.

1188 1537 1263 1578 114,
1291 1536 1345 1572 12.
1380 1536 1455 1577 116,
1481 1536 1535 1570 20.
1571 1537 1645 1578 129,
1672 1537 1704 1571 8.
1744 1537 1818 1577 135,
1848 1537 1900 1571 16.

1189 1583 1265 1623 141,
1292 1583 1346 1617 28.
1374 1582 1448 1623 153,
1475 1583 1530 1617 20.
1564 1583 1638 1623 157,
1664 1583 1718 1616 31.
1747 1583 1821 1623 159,
1848 1582 1901 1616 20.

1191 1630 1266 1670 160,
1295 1629 1347 1663 13.
1386 1629 1460 1670 165,
1486 1629 1540 1663 26.
1575 1628 1650 1670 185,
1679 1629 1709 1662 7.
1749 1629 1822 1668 194,
1851 1628 1902 1662 16.

1194 1675 1268 1715 197,
1297 1675 1349 1709 14.
1376 1674 1451 1714 211,
1477 1674 1531 1708 28.
1563 1674 1640 1715 242,
1666 1673 1720 1708 20.
1745 1673 1823 1714 244,
1848 1674 1903 1708 29.

1190 1721 1268 1762 254,
1297 1721 1348 1755 16.
1374 1720 1451 1760 257,
1469 1722 1501 1754 4.
1527 1720 1603 1761 301,
1637 1719 1692 1754 26.
1718 1720 1767 1754 sic
1785 1720 1903 1754 uolun-

1189 1768 1302 1801 tatem
1332 1766 1442 1811 patris
1467 1765 1564 1806 facis,
1590 1768 1629 1800 ut
1655 1786 1697 1791 —
1722 1776 1839 1810 negeS,
1865 1766 1903 1799 ut

1189 1834 1231 1838 —
1247 1812 1354 1853 dicas,
1371 1813 1410 1845 ut
1424 1832 1468 1838 —
1483 1812 1625 1852 coneris,
1638 1813 1678 1846 ut
1691 1812 1902 1846 interficeres

1189 1860 1226 1893 at
1252 1869 1294 1892 ue
1307 1858 1498 1892 interficias
1515 1858 1664 1892 cultores
1689 1857 1772 1898 eius,
1796 1859 1836 1891 ut
1861 1877 1902 1883 —

1188 1904 1245 1949 pel
1262 1915 1333 1938 eres
1354 1903 1429 1944 155,
1449 1903 1490 1937 19
1509 1904 1556 1947 cf.
1576 1903 1651 1944 198,
1673 1903 1725 1937 14.
1750 1904 1801 1937 ita
1819 1904 1902 1937 estis

1189 1951 1229 1984 ut
1244 1969 1290 1975 —-
1306 1960 1376 1983 non
1388 1949 1538 1993 possetis
1552 1949 1605 1989 49,
1622 1949 1674 1983 18.
1690 1949 1743 1989 99,
1760 1949 1811 1983 18.
1826 1948 1901 1990 247,

1191 1995 1244 2030 11.
1258 1995 1335 2035 263,
1351 1996 1402 2029 19.
1417 1994 1494 2035 268,
1511 1995 1541 2028 7.
1562 1994 1698 2039 quando
1711 1994 1832 2029 uideas
1847 2006 1903 2029 cur

1191 2043 1312 2076 contra
1338 2040 1456 2075 diuina
1482 2041 1602 2075 fecerit
1627 2041 1762 2075 monita
1778 2040 1900 2081 Achar,

1190 2098 1248 2122 0111·
1259 2086 1351 2121 furto
1367 2086 1581 2127 abstulisset,
1596 2087 1644 2121 sic
1660 2086 1767 2120 fuerit
1779 2087 1903 2121 multa-

1190 2136 1247 2168 tus
1264 2132 1341 2172 212,
1361 2132 1415 2166 30.
1443 2132 1487 2166 ad
1504 2131 1660 2176 gladium
1675 2132 1810 2176 putasti
1826 2134 1902 2166 ten-

1192 2178 1342 2213 dendam
1381 2189 1531 2218 manum,
1573 2180 1751 2222 tamquam
1790 2178 1901 2222 possis

1191 2224 1308 2270 gladio
1342 2225 1480 2258 uincere
1513 2234 1596 2268 quos
1620 2223 1757 2258 uideres
1792 2223 1845 2264 72,
1872 2223 1903 2257 1.

1192 2282 1268 2306 cum
1294 2270 1386 2304 enim
1411 2269 1506 2304 dicat
1531 2289 1584 2310 ——,
1611 2269 1656 2303 ad
1672 2269 1758 2303 haec
1784 2270 1902 2304 contra

1191 2316 1328 2351 iuberes
1345 2315 1570 2350 trucidandos
1589 2314 1644 2349 dei
1662 2315 1819 2355 cultores,
1838 2314 1901 2348 hoc

1191 2362 1259 2396 fuit-
1295 2361 1433 2396 audisse
1469 2361 1525 2395 dei
1560 2361 1719 2395 monita?
1746 2360 1822 2401 135,
1851 2360 1901 2393 17.

1190 2407 1282 2442 unde
1301 2409 1397 2441 extra
1415 2406 1546 2441 domini
1562 2407 1667 2451 positi
1681 2407 1902 2440 inueniuntur

1190 2454 1339 2492 uincam,
1365 2453 1433 2486 nisi
1451 2453 1531 2497 quia
1548 2473 1592 2477 —
1610 2452 1817 2492 extitissent,
1835 2450 1902 2485 nisi

1192 2499 1272 2544 quia
1288 2498 1567 2543 praedicauerint
1587 2497 1661 2537 184,
1679 2498 1734 2530 25.
1760 2508 1819 2532 cur
1834 2507 1901 2530 non

1191 2544 1370 2585 execraris,
1388 2544 1457 2578 nisi
1474 2544 1553 2588 quia
1569 2545 1652 2577 tunc
1670 2554 1690 2577 a
1707 2545 1743 2577 te
1756 2542 1902 2577 fuissent

1192 2589 1403 2625 execrabiles
1421 2589 1546 2630 habiti,
1567 2589 1647 2634 quia
1661 2590 1778 2623 essent
1791 2587 1899 2622 adhuc

1192 2636 1326 2670 scilicet
1340 2635 1541 2675 Christiani,
1555 2645 1646 2668 nunc
1659 2645 1740 2668 uero
1754 2635 1824 2668 sint
1837 2632 1902 2667 tibi

1193 2682 1371 2761 cari58{lgd'
1400 2680 1669 2760 {fag-iddieet
1695 2691 1771 2759 esseE
1787 2688 1902 2756 coepte*-³

1191 2738 1256 2762 run
1372 2752 1379 2767 ‚
1454 2752 1459 2757 .
1524 2737 1590 2760 isse
1616 2736 1753 2760 reserua
1771 2736 1839 2765 um,

1193 2772 1337 2807 tandem
1363 2783 1409 2811 se,
1437 2772 1465 2805 si
1483 2772 1580 2813 uelit,
1608 2772 1824 2806 conuerteret
1848 2768 1899 2808 51,

1194 2819 1249 2852 28.
1274 2818 1329 2857 23,
1355 2818 1398 2851 27
1426 2838 1468 2843 —-
1486 2819 1590 2860 infin.
1604 2827 1728 2861 praes.
1742 2826 1813 2861 pro
1831 2815 1900 2858 fut.

1196 2875 1271 2898 011111
1302 2866 1416 2898 tecum
1453 2863 1605 2907 torqueri
1636 2863 1672 2896 in
1701 2862 1901 2906 perpetuum

1196 2909 1372 2954 coeperint
1406 2909 1535 2943 sentire
1570 2909 1621 2948 14,
1655 2908 1709 2942 24.
1757 2906 1901 2941 mortem
