1934 3278
632 273 685 307 De
711 275 833 307 saneto
859 272 1053 309 Athanasio
1079 273 1169 308 liber
1193 274 1218 309 I.
1600 279 1680 320 117

177 409 301 450 quem
332 398 378 439 tu
410 398 493 439 iam
524 399 745 451 probatum
786 399 970 441 habebas
1010 400 1275 454 sacrilegum.
1317 412 1396 442 non
1437 400 1571 444 solum
1603 415 1679 443 non

174 479 350 521 regnum
380 467 498 509 tuum
533 467 609 509 deo
642 467 847 510 debueras
878 481 1145 522 praeponere,
1187 468 1261 511 sed
1292 482 1367 510 nec
1399 470 1532 523 ipsam
1564 472 1678 512 tuam

177 537 369 578 animam.
430 536 476 577 tu
523 536 676 578 etenim
715 536 802 590 ipse
842 537 963 579 testis
1005 550 1049 579 es
1088 537 1369 580 eonscientiae
1409 538 1520 589 tuae,
1569 541 1677 593 quod

176 605 285 646 enim
317 605 484 659 propter
516 604 644 647 fidem
677 618 802 658 quam
835 618 1000 659 semper
1020 606 1157 647 tenuit
1179 606 1361 648 ecclesia
1384 619 1431 648 ac
1454 607 1581 658 tenet,
1606 622 1679 650 cur

140 687 158 712 5
178 686 269 715 eam
293 674 490 715 damnare
513 673 704 724 noluerit,
726 674 879 716 missus
901 673 1026 715 Fuerit
1050 674 1101 715 ad
1125 674 1328 725 exsilium,
1362 675 1460 729 quia
1480 676 1680 718 uidelicet

175 744 355 785 noluerit
387 756 478 785 esse
510 743 732 790 Arrianus3
779 742 936 784 idcirco
968 755 1146 796 namque
1174 743 1451 785 Athanasium
1483 757 1675 798 perosum

175 813 364 855 habitum
397 827 420 854 a
451 812 569 865 patre
599 812 671 854 tuo
703 824 780 853 non
814 811 921 866 fugit
950 812 1006 861 te,
1041 811 1378 865 quandoquidem
1411 813 1453 854 et
1482 815 1528 855 tu
1559 814 1599 855 in
1632 827 1681 856 ea

176 895 270 923 eum
303 881 488 935 digneris
519 880 714 935 persequi
745 893 887 931 causa,
920 880 961 921 in
986 891 1068 933 qua
1088 880 1213 922 fuerit
1245 881 1287 921 et
1305 881 1403 923 tuus
1434 882 1552 935 pater
1582 895 1679 936 per-

175 949 361 990 secutus,
420 949 534 990 dicat
565 948 742 1002 denique
775 961 819 990 se
851 960 929 990 non
963 960 1053 990 esse
1086 947 1382 1000 Christianum,
1423 950 1605 993 fateatur
1637 965 1679 993 se

124 1028 156 1053 10
174 1017 418 1065 Arrianum,
467 1017 508 1058 et
548 1016 626 1058 erit
666 1016 777 1069 apud
813 1017 855 1057 te
894 1015 1250 1069 sapientissimus,
1295 1029 1484 1071 magnus.
1556 1019 1679 1073 digne

174 1087 316 1140 itaque
349 1086 600 1139 conparatus
642 1097 685 1127 es
724 1085 830 1134 cani,
878 1085 948 1138 qui
987 1083 1160 1125 redierit
1201 1085 1253 1126 ad
1293 1086 1497 1128 uomitum
1538 1097 1679 1136 suum;

173 1155 256 1196 iam
290 1155 397 1196 enim
431 1154 692 1196 Christianus
725 1153 1017 1195 aestimabaris
1056 1154 1097 1194 et
1138 1166 1216 1194 non
1249 1166 1340 1196 esse
1373 1155 1587 1205 Arrianus,
1629 1169 1676 1197 ox

175 1236 255 1276 quo
287 1223 562 1264 Athanasium
594 1235 688 1263 cum
718 1222 875 1264 talibus
905 1222 1058 1264 litteris
1093 1222 1292 1264 diuinitus
1333 1223 1410 1265 sibi
1443 1224 1678 1266 commissis

173 1291 568 1345 repraesentaueris.
641 1292 683 1332 at
727 1304 833 1332 nune
882 1303 977 1332 cum
1025 1303 1117 1333 esse
1164 1292 1431 1343 conprobaris
1478 1292 1678 1334 Arrianus

122 1371 155 1396 ¹⁵
175 1361 216 1402 et
247 1361 418 1415 cupiens
449 1361 665 1402 haeresem
696 1361 812 1401 tuam
844 1360 1029 1401 inuenire
1060 1360 1200 1402 locum
1231 1360 1367 1401 uirum
1399 1360 1555 1402 iustum
1579 1373 1677 1414 per-

174 1430 375 1483 sequaris,
410 1430 507 1483 quia
536 1429 608 1471 ille
642 1429 842 1470 uidelicet
873 1429 927 1470 sit
959 1428 1134 1470 eandem
1166 1429 1276 1470 omni
1308 1429 1399 1470 nisu
1430 1428 1676 1482 inpugnans,

172 1498 286 1540 recte
321 1511 364 1539 es
397 1498 648 1552 conparatus
680 1497 771 1538 cani
803 1496 981 1538 redienti
1016 1497 1070 1538 ad
1102 1509 1224 1538 suum
1257 1497 1473 1539 uomitum.

230 1567 361 1609 XXX.
395 1567 502 1608 Item
527 1567 653 1608 etiam
675 1567 715 1607 in
737 1565 810 1607 illo
832 1567 943 1607 facto
964 1567 1036 1607 tuo
1060 1566 1229 1619 egregio
1250 1567 1364 1607 recte
1387 1567 1676 1620 conparandus

173 1636 265 1677 cani
312 1635 381 1689 qui
427 1636 600 1677 redierit
640 1636 692 1676 ad
738 1635 942 1676 uomitum
983 1647 1116 1684 suuni,
1165 1634 1275 1687 quod
1316 1635 1425 1676 enim
1469 1636 1680 1688 acceperis

121 1704 395 1745 2011eritatem
428 1717 506 1746 non
547 1716 639 1745 esse
680 1703 934 1744 catholicum
966 1702 1173 1744 Adoxium
1216 1703 1678 1759 Germani<ci>ensium

175 1774 216 1814 et
248 1773 413 1815 dederis
446 1774 591 1815 contra
630 1772 807 1813 eundem
847 1771 1010 1812 litteras
1052 1771 1104 1812 ad
1137 1771 1421 1814 Antiochenos
1463 1773 1504 1814 et
1534 1774 1681 1826 postea

173 1843 280 1884 hunc
314 1842 492 1884 eundem
525 1842 731 1883 Adoxium
763 1840 986 1882 defendere
1018 1840 1205 1893 coeperis
1236 1841 1427 1882 ueritatis
1460 1853 1552 1883 esse
1576 1842 1679 1883 doc-

174 1914 320 1956 torem.
362 1912 492 1965 ipsius
532 1912 747 1953 haeresem
788 1909 1039 1951 catholicam
1084 1909 1302 1951 uindicans
1332 1909 1474 1951 fidem.
1537 1922 1679 1963 quare,

174 1981 405 2030 Constanti,
452 1981 539 2021 tam
577 1979 712 2021 leuis?
758 1979 1029 2032 quamobrem
1067 1978 1107 2019 in
1152 1990 1281 2019 eausa
1319 1978 1417 2019 fidei
1459 1979 1506 2020 ut
1543 1979 1679 2020 uentis

121 2061 154 2086 2⁵
174 2049 435 2102 pulsantibus
466 2048 654 2090 harundo
685 2047 867 2089 flecteris
898 2047 978 2088 huc
1013 2047 1138 2100 atque
1170 2046 1301 2088 illuc?
1334 2046 1432 2099 quid
1455 2047 1620 2095 mirum,
1645 2048 1677 2088 si

174 2118 259 2158 tam
294 2117 427 2158 facilis
460 2117 573 2158 fuisti
614 2116 666 2157 ad
708 2115 991 2157 damnandum
1024 2115 1300 2156 Athanasium
1342 2115 1468 2156 etiam
1509 2117 1680 2158 cunctos

175 2185 242 2226 dei
264 2185 441 2226 inuitare
464 2184 718 2227 sacerdotes.
753 2184 1091 2237 quandoquidem
1118 2183 1246 2224 etiam
1269 2183 1309 2224 in
1332 2184 1445 2225 statu
1465 2184 1680 2237 religionis

172 2253 291 2294 tanta
324 2265 448 2307 agere
479 2266 552 2306 per
581 2254 699 2294 tuam
731 2264 809 2294 non
844 2251 1049 2294 dubitaris
1079 2252 1396 2293 temeritatem?
1448 2252 1675 2293 efferbuisti

175 2321 228 2361 ad
259 2321 490 2363 innocentis
522 2320 778 2362 fundendum
811 2320 1055 2373 sanguinem
1093 2332 1165 2361 rex
1197 2320 1423 2373 piissimus,
1461 2321 1678 2373 tamquam

120 2402 155 2428 30
175 2402 253 2431 non
301 2390 563 2431 meminisses
610 2390 833 2442 scriptum:
881 2390 990 2443 reqis
1035 2391 1084 2430 in
1129 2390 1307 2431 ueritate
1351 2390 1587 2431 iudicantis
1627 2390 1676 2430 de

168 2459 447 2511 pauperibus,
488 2459 600 2501 sedes
631 2459 720 2500 eius
750 2459 798 2500 in
828 2460 1113 2500 testimonium
1143 2462 1347 2511 resume&
1392 2457 1466 2499 sed
1504 2458 1548 2498 tu
1582 2457 1675 2498 hinc

311 2604 355 2637 30
380 2604 481 2637 Prou.
506 2604 562 2640 29,
591 2604 630 2637 14

242 2742 263 2774 4
290 2751 389 2785 quem
510 2752 569 2775 cur
591 2743 629 2788 (q
653 2753 695 2775 m.
724 2745 807 2779 ree.)
938 2742 958 2772 5
984 2745 1017 2775 et
1043 2742 1063 2775 6
1090 2741 1238 2775 uoluerit
1366 2741 1388 2775 8
1414 2720 1505 2775 enixi
1532 2749 1603 2805 (5¹¹¹ss
1637 2755 1679 2776 m.

173 2812 259 2852 rec.)
378 2810 420 2843 10
445 2810 550 2854 digne
573 2813 605 2852 (e
630 2821 674 2844 ex
700 2820 720 2843 a
747 2822 787 2843 m.
817 2813 849 2851 l)
971 2810 1010 2843 14
1038 2809 1082 2844 ad
1109 2822 1151 2844 m.
1181 2814 1197 2844 1
1315 2810 1359 2844 20
1384 2811 1674 2854 germaniensiuin

175 2879 205 2921 (⁰¹
232 2889 275 2912 m.
302 2882 386 2921 rec.)
482 2878 525 2912 23
551 2878 707 2912 iudicans
736 2890 752 2911 a·
846 2876 886 2910 31
916 2860 1008 2912 sedi's
1033 2882 1059 2920 (α
1087 2891 1129 2913 m.
1158 2882 1241 2921 rec.)
