1934 3278
592 251 647 286 De
671 252 793 285 sancto
817 247 1014 284 Athanasio
1039 248 1128 283 liber
1151 247 1194 283 11.
1566 247 1645 291 201

200 381 330 426 XXX.
381 379 486 423 Cum
526 378 631 419 haec
669 377 732 418 ita
763 386 856 417 esse
897 374 1018 428 legis,
1063 385 1137 415 cur
1176 372 1292 414 fuisti
1334 384 1461 415 ausus
1500 373 1647 415 tollere

143 450 333 505 pastores
375 460 478 502 quos
516 445 635 500 gregi
676 457 751 487 suo
790 443 894 485 deus
925 443 1107 484 uoluerit
1137 445 1364 498 praeesses?
1413 445 1520 485 cur?
1570 442 1649 484 nisi

143 519 191 560 ut
219 519 363 559 tecum
394 515 506 558 omni
535 514 662 556 uento
695 512 910 555 doctrinae
940 513 1112 565 possent
1143 511 1212 553 dei
1242 511 1502 553 circumferri
1525 524 1650 566 supra

144 585 400 628 dominicum
431 595 605 639 gregem
635 583 839 636 pastores.
872 593 922 622 ne
954 580 1132 622 fuissent
1164 580 1280 622 ducti
1310 580 1529 634 tamquam
1550 592 1649 634 par-

109 654 231 697 suuli
263 653 374 696 omni
404 653 529 695 uento
569 651 783 694 doctrinae
827 649 1076 692 accedentes
1117 649 1169 691 ad
1200 649 1356 691 fidem?
1416 662 1467 691 ne
1506 650 1650 691 uestra

142 723 495 777 nequissimorum
533 720 749 763 hominum
792 719 948 761 astutia
989 719 1042 760 ad
1083 719 1241 761 diaboli
1279 718 1480 773 principis
1519 719 1649 761 uestri

142 791 330 834 remedia
358 790 607 832 recederent
646 789 697 831 ab
732 788 964 842 apostolica
997 787 1326 842 euangelicaque
1356 787 1469 830 fide?
1514 788 1650 830 tulisti

145 860 362 914 episcopos
394 871 415 900 e
446 858 638 912 plebibus
670 856 822 910 quibus
853 868 1101 909 praesumus
1133 855 1277 898 diuina
1309 856 1562 910 dignatione,
1597 856 1648 898 ad

142 930 220 971 hoc
252 929 398 983 utique
429 928 477 969 ut
508 927 682 969 doceres
713 925 947 968 doctrinam
979 938 1058 967 non
1092 925 1369 979 apostolicam
1401 925 1476 968 sed
1498 927 1648 968 haere-

93 1009 125 1037 ιο
141 998 284 1040 ticam.
345 1009 424 1039 uae
455 996 533 1039 tibi
564 995 732 1046 misero,
763 1007 837 1048 per
868 1006 993 1048 quem
1023 994 1126 1035 haec
1159 994 1269 1047 gerit
1302 994 1485 1037 satanas.
1527 995 1648 1036 inue-

142 1079 265 1109 neras
303 1066 425 1108 homo
465 1064 632 1118 sapiens
672 1063 855 1105 colorem
897 1063 1043 1116 aptum
1082 1061 1277 1104 fallaciae
1309 1063 1421 1113 tuae,
1470 1077 1651 1119 quonam

141 1135 266 1178 modo
297 1146 443 1189 posses
475 1133 543 1175 dei
575 1145 676 1175 oues
697 1132 807 1186 patri
837 1132 912 1173 tuo
946 1131 1185 1182 defendere,
1220 1131 1291 1185 qui
1320 1132 1412 1182 tibi,
1445 1133 1492 1174 ut
1522 1133 1564 1175 in
1586 1134 1651 1176 his

144 1204 371 1246 demoreris
401 1202 539 1253 malis,
571 1202 656 1243 iam
685 1201 771 1243 illis
791 1200 943 1243 iaculis
974 1200 1126 1254 quibus
1147 1201 1262 1242 Euae
1287 1201 1328 1242 et
1348 1201 1466 1243 Adae
1488 1203 1650 1245 mentes

142 1273 353 1315 sauciauit
382 1284 453 1314 cor
483 1271 603 1312 tuum
624 1269 840 1321 iaculauit,
865 1269 918 1311 ad
939 1270 1017 1311 hoc
1039 1269 1253 1319 uidelicet,
1287 1270 1334 1310 ut
1353 1269 1395 1310 in
1418 1271 1495 1312 hac
1518 1272 1651 1314 temet

93 1351 124 1378 1⁵
140 1341 349 1396 prauitate
367 1339 654 1382 constitueret.
684 1339 920 1389 inueneras,
940 1338 1125 1391 inquam,
1143 1338 1266 1380 homo
1283 1338 1448 1391 sapiens
1467 1339 1650 1382 colorem

143 1411 286 1464 aptum
316 1409 512 1451 fallaciae
535 1409 648 1458 tuae,
681 1419 861 1461 quonam
892 1407 1018 1448 modo
1049 1419 1195 1460 posses
1229 1406 1484 1449 dominicum
1519 1408 1649 1463 depo-

140 1479 286 1533 pulare
317 1489 504 1532 gregem,
538 1476 704 1518 dicens:
744 1477 942 1529 peccauit
973 1475 1258 1527 Athanasius,
1301 1479 1339 1517 et
1376 1477 1537 1519 idcirco
1577 1480 1649 1531 qui

140 1547 264 1590 illum
295 1560 453 1588 mecum
472 1545 731 1588 interemerit
750 1546 830 1586 erit
851 1546 1088 1597 episcopus;
1119 1545 1194 1597 qui
1215 1546 1392 1598 insuper
1411 1545 1649 1588 habendum

141 1616 346 1659 censuerit
376 1629 465 1657 mm
495 1615 576 1657 erit
583 1631 601 1668 ‚·
633 1614 676 1655 et
700 1613 771 1667 qui
794 1613 1050 1654 damnabant
1071 1612 1350 1654 Athanasium
1372 1613 1652 1668 iungebantur

91 1682 511 1738 wpseudoepiscopis
544 1682 753 1736 dogmatis
783 1682 882 1724 tuae
914 1681 1129 1723 Arrianae.
1192 1682 1227 1723 si
1259 1682 1330 1735 qui
1360 1682 1478 1724 tuam
1508 1685 1650 1726 metu-

143 1753 260 1795 entes
291 1753 396 1794 iram
426 1753 504 1794 hoc
529 1752 726 1806 egissent,
758 1751 909 1804 triplex
930 1763 1004 1804 per
1026 1751 1068 1792 te
1090 1751 1345 1793 homicidam
1369 1752 1493 1806 atque
1517 1753 1650 1794 sacri-

141 1822 283 1876 legum
312 1821 585 1863 incurrebant
617 1821 788 1871 crimen,
837 1820 926 1861 siue
967 1819 1078 1873 quod
1108 1819 1373 1862 innocentem
1407 1821 1653 1863 damnarent

142 1892 232 1933 siue
272 1890 384 1944 quod
425 1889 623 1931 catholici
663 1888 888 1931 haereticis
931 1888 1290 1930 communicarent
1328 1889 1371 1931 et
1406 1890 1448 1931 in
1479 1902 1652 1944 gregem

144 1959 211 2001 dei
242 1971 318 2001 uos
348 1959 469 2013 lupos
499 1959 654 2001 intrare
686 1958 885 2009 sinerent,
928 1970 1024 2000 cum
1066 1958 1181 1999 dicat
1221 1958 1447 2012 apostolus,
1492 1959 1650 2001 idcirco

92 2042 126 2070 25
144 2028 265 2070 datos
296 2029 500 2082 pastores,
539 2029 588 2070 ut
627 2028 760 2070 omnis
792 2027 1044 2069 daemonum
1082 2026 1286 2077 doctrina,
1328 2039 1436 2081 quae
1468 2040 1541 2082 per
1573 2041 1649 2071 uos

142 2096 377 2138 haereticos
419 2098 462 2138 et
500 2109 644 2139 omnes
685 2096 950 2139 aduersarios
990 2095 1195 2138 ecclesiae
1234 2096 1462 2150 profertur,
1504 2098 1653 2140 fuisset

145 2166 314 2208 exclusa
346 2167 472 2220 atque
503 2167 545 2208 in
578 2166 758 2209 ueritate
789 2166 1006 2208 currentes
1039 2166 1106 2208 dei
1138 2166 1250 2208 serui
1283 2179 1331 2209 eo
1362 2179 1496 2221 usque
1529 2179 1650 2208 man-

143 2234 297 2276 sissent
327 2234 560 2286 inmobiles,
602 2236 732 2278 donec
779 2236 832 2277 ad
871 2247 1079 2277 summam
1110 2236 1302 2277 uenirent
1330 2235 1651 2290 perfectionem:

143 2303 186 2345 et
206 2303 255 2345 tu
285 2303 461 2346 tenebra
492 2304 654 2347 auferre
687 2304 884 2359 dignatus
916 2316 960 2346 es
990 2304 1182 2358 pastores
1211 2303 1369 2346 iudicio
1400 2304 1651 2346 constitutos

92 2370 224 2423 aodei,
266 2384 347 2426 quo
377 2372 513 2426 possis
543 2374 591 2415 tu
620 2373 746 2428 lupus
776 2373 1019 2416 conuertere
1052 2374 1227 2416 cunctos
1264 2373 1307 2415 in
1341 2373 1497 2416 diaboli
1531 2386 1650 2416 ama-

141 2440 245 2482 toris
276 2440 338 2482 tui
366 2442 581 2495 praedam.
613 2445 662 2484 ut
691 2444 794 2498 iam,
825 2442 975 2496 inquit,
1008 2455 1097 2485 non
1126 2443 1260 2485 simus
1284 2443 1472 2496 paruuli
1502 2443 1651 2495 fluctu-

279 2546 320 2581 31
349 2546 436 2591 Eph.
462 2546 496 2587 4,
524 2547 578 2582 14.
605 2546 648 2582 15

211 2626 232 2661 3
255 2628 372 2662 tecum
397 2627 546 2673 scripsi,
571 2628 608 2662 te
633 2637 710 2662 cum
740 2627 774 2662 V
884 2628 993 2661 uenta
1101 2626 1310 2661 circumferri
1336 2627 1485 2672 scripsi,
1511 2627 1652 2662 circum-

144 2685 232 2720 ferre
263 2685 296 2719 V
383 2685 405 2719 4
430 2687 601 2730 pastores,
626 2695 669 2719 ne
694 2705 736 2710 —
764 2684 972 2719 doctrinae?
998 2683 1214 2718 Accedentes
1240 2703 1283 2708 —
1300 2683 1382 2725 fide,
1408 2683 1523 2719 tulisti
1540 2683 1653 2729 -uulqo

145 2743 298 2790 distiny.
415 2743 434 2776 7
460 2742 656 2778 reciderent
680 2743 771 2786 fort.
898 2740 940 2775 12
965 2740 1099 2777 deferre
1124 2742 1217 2777 coni.
1247 2741 1488 2782 (ἕαῑῑαπάίαε,
1515 2742 1579 2777 sed
1604 2742 1651 2784 cs'.

146 2811 297 2847 Tertull.
324 2811 369 2847 de
391 2811 461 2848 uel.
485 2813 584 2859 πίνῃ.
609 2822 638 2848 c.
663 2813 687 2847 6
780 2811 823 2846 15
848 2792 1060 2846 cont'itueret
1152 2809 1197 2844 20
1221 2810 1274 2845 tui
1290 2810 1430 2846 Arriani
1455 2813 1652 2857 exspectes,

144 2869 209 2904 ced
234 2869 282 2912 cf.
303 2880 341 2914 p.
368 2872 448 2914 148,
474 2871 524 2905 20
617 2869 662 2904 23
686 2869 881 2904 catholicae
