1934 3278
885 657 965 711 VI.

213 765 669 841 EPISTVLAE
703 765 1088 838 LVCIFERI
1122 764 1222 837 ET
1256 762 1644 837 ALIORVM.

898 993 930 1033 I.

188 1096 485 1151 LVCIFERI
521 1095 873 1152 PANORATII
910 1094 1168 1149 HILARII
1203 1093 1292 1149 AD
1330 1093 1651 1148 EVSEBIVM

133 1195 147 1219 ⁵
570 1187 919 1243 EPISOOPVM
955 1187 1277 1242 EPISTVLA.

167 1320 328 1345 DOMINO
361 1320 807 1345 lioxORIFIcI-:NTISSI310
832 1319 1004 1345 EVSEBIO
1026 1319 1220 1345 EPISCOPO
1252 1318 1427 1344 LVCIFER
1457 1316 1675 1343 EPISCOPVs

490 1389 747 1414 PAM‘RATIVS
779 1389 1020 1414 l’REsnYTER
1051 1388 1101 1413 ET
1133 1388 1342 1413 HlLARlvs.

225 1463 398 1506 Calcato
439 1465 576 1517 capite
619 1464 774 1506 diaboli
822 1465 863 1506 et
909 1464 1249 1518 suggestionibus
1296 1465 1459 1518 prauis.
1509 1463 1674 1505 dominc

167 1534 324 1581 sancte,
359 1534 539 1586 gratiam
571 1534 647 1574 tibi
680 1546 704 1574 a
736 1534 901 1576 domino
924 1535 1064 1576 nostro
1097 1547 1340 1576 concessam
1371 1545 1568 1586 rogamus
1591 1533 1673 1574 noli

117 1614 147 1635 10
167 1602 395 1655 negligere,
430 1603 504 1643 scd
536 1604 582 1643 ut
614 1603 864 1656 quantocius
900 1604 1126 1645 inuadentc
1162 1603 1255 1658 <te>
1292 1604 1495 1656 effugetur
1527 1603 1672 1643 Arria-

166 1684 310 1712 norum
345 1672 510 1726 dogma,
543 1672 627 1713 iam
661 1672 897 1714 accelerare
931 1672 1116 1725 dignare.
1151 1672 1232 1714 scit
1264 1672 1372 1713 enim
1407 1671 1598 1713 dominus
1633 1672 1673 1712 et

166 1740 358 1782 Christus
390 1740 478 1782 eius
502 1740 600 1794 quia
622 1741 731 1782 sicut
752 1741 792 1781 in
816 1740 999 1782 aduentu
1023 1741 1361 1782 beatissimorum
1388 1741 1670 1794 apostolorum

164 1808 425 1861 glorificatur
458 1809 525 1851 dei
557 1822 707 1852 nomen
737 1809 779 1850 in
811 1810 931 1851 ruina
963 1809 1156 1861 Simonis,
1198 1810 1258 1851 ita
1288 1810 1466 1851 Valente
1501 1811 1670 1864 expulso

165 1877 204 1917 in
240 1877 425 1919 aduentu
457 1878 528 1920 tuo
553 1879 759 1921 dissoluta
780 1879 1162 1932 blasphemantium
1185 1879 1454 1920 Atrianorum
1477 1880 1671 1921 machina

114 1956 145 1981 1⁵
165 1945 420 1987 destruatur.
455 1960 542 1997 nos,
577 1947 741 1989 dominc
783 1947 1061 1997 sanctissime,
1105 1961 1128 1988 a
1166 1948 1300 2001 prima
1341 1947 1406 1989 die
1448 1961 1530 2001 qua
1561 1947 1670 1989 Ver-

163 2014 294 2055 cellas
327 2015 518 2057 uenimus
550 2016 794 2070 religionem
825 2017 941 2066 tuam
974 2029 1105 2070 usquc
1136 2017 1175 2057 in
1201 2016 1446 2058 hodiernum
1480 2016 1670 2070 cupimus

165 2083 207 2124 et
239 2083 452 2125 dominum
485 2097 695 2138 rogamus,
728 2086 774 2127 ut
804 2085 845 2127 in
878 2087 953 2127 hac
989 2086 1169 2127 ecclesia
1190 2086 1538 2127 restaurationem
1572 2098 1669 2138 per—

162 2152 333 2204 petuam
372 2153 546 2195 laudent
591 2154 725 2196 sancti
767 2167 911 2196 omnes
956 2156 1156 2207 tuamque
1198 2155 1429 2207 spiritalem
1468 2154 1666 2195 uirtutem

164 2220 306 2262 debita
338 2221 464 2263 laude
496 2224 812 2276 prosequantur.
847 2224 957 2276 quod
990 2224 1200 2264 credimus
1226 2224 1537 2276 peruenturum,
1572 2223 1668 2276 quia

112 2297 145 2322 20
166 2290 403 2342 passionem
438 2291 661 2333 saluatoris
693 2293 880 2345 superari
914 2305 991 2333 non
1024 2306 1146 2345 posse
1179 2292 1441 2333 confidimus.
1476 2292 1667 2333 Christus

163 2358 355 2401 dominus
396 2362 438 2401 te
470 2361 697 2413 gloriosum
738 2363 972 2411 conseruet,
1016 2362 1279 2403 sanctissimo
1323 2373 1368 2401 ac
1412 2361 1664 2402 beatissimo.

228 2517 255 2551 Ι.
283 2519 395 2553 Hanc
420 2511 617 2563 epistulam
645 2530 689 2553 (nr
708 2520 910 2554 Coletorum
939 2520 1101 2554 editione
1118 2521 1256 2564 recepi,-
1282 2523 1404 2554 esi-stae
1424 2520 1535 2554 etiam
1561 2521 1665 2565 apud

162 2574 369 2609 Baronium
396 2576 447 2610 ad
473 2588 611 2610 annum
639 2580 707 2611 355
733 2589 776 2611 m.
803 2578 901 2612 VIII
992 2576 1035 2611 10
1052 2576 1242 2611 inuadente
1259 2580 1296 2612 te
1321 2579 1469 2622 scripsi,
1495 2577 1665 2611 inuadens

161 2632 253 2666 coni.
281 2632 397 2667 (foleti
493 2634 534 2667 18
559 2633 775 2677 spiritualem
801 2635 859 2668 uel
884 2634 1069 2678 specialem
1096 2635 1207 2679 uulyo
