1934 3278
462 188 517 223 De
543 199 613 223 non
637 188 810 234 parcendo
835 188 872 223 in
897 187 999 223 deum
1024 187 1318 233 delinquentibus,
1549 189 1633 231 279

134 315 244 358 ditos
282 328 356 358 nos
397 314 548 357 debere
589 327 680 357 esse
718 315 759 356 in
798 315 917 357 bonis
957 315 1171 369 operibus,
1218 327 1299 356 non
1336 314 1376 355 in
1408 314 1544 356 malis.
1597 314 1633 356 si

134 385 287 427 bonum
310 384 375 425 est
406 395 520 436 opus,
553 384 599 424 ut
631 383 845 425 absentem
874 383 1177 433 interimamus,
1210 383 1257 424 ut
1275 382 1510 425 inauditum
1530 396 1632 437 pur-

133 465 234 506 gare
275 465 319 494 se
359 452 688 505 proclamantem
727 464 946 503 necemus,
991 454 1035 493 ut
1076 464 1169 493 eum
1209 464 1332 506 quem
1371 452 1635 494 innocentem

135 521 291 562 scimus
338 520 579 563 omittentes
633 534 796 563 omnem
849 521 1086 574 respectum
1134 520 1448 563 misericordiae
1491 521 1635 562 tecum

82 594 115 622 ‘⁵
132 588 375 642 puniamus,
416 589 449 631 si
482 602 584 643 opus
616 590 769 631 bonum
803 590 867 631 est
897 601 1049 642 negare
1091 589 1157 630 dei
1196 589 1365 631 unicum
1403 588 1558 639 filium,
1601 589 1635 630 si

133 670 236 712 opus
269 657 345 699 deo
379 659 598 711 acceptum
631 660 696 700 est
727 658 999 712 apostolicam
1033 658 1225 700 deserere
1247 658 1388 707 fidem,
1422 658 1634 711 suscipere

131 727 401 777 haereticam,
434 727 583 769 merito
617 727 778 768 diceres
809 727 955 768 contra
985 739 1199 768 sacrarum
1231 728 1370 768 facere
1400 739 1468 768 me
1499 726 1634 779 scrip-

131 796 319 837 turarum
351 796 520 837 monita.
555 794 664 836 addo
696 794 813 845 illud,
848 794 958 848 quod
990 795 1155 836 illorum
1177 795 1409 848 principum
1433 794 1474 835 et
1495 794 1635 847 magi-

133 865 342 907 stratuum
375 864 588 917 apostolus
620 863 767 905 fecerit
797 863 1072 913 mentionem,
1117 864 1185 916 qui
1217 863 1396 905 necdum
1427 862 1635 904 credidis-

81 943 115 969 10
134 934 226 975 sent
256 933 296 974 in
329 932 498 974 unicum
531 931 598 973 dei
630 931 783 981 filium,
824 931 968 984 utique
999 931 1236 973 humilitate
1268 932 1409 973 nostra
1442 931 1484 972 et
1513 943 1635 971 man-

134 1002 355 1044 suetudine
389 1002 430 1042 et
459 1001 586 1054 longa
615 1001 656 1042 in
691 1000 880 1042 aduersis
922 1000 1125 1054 patientia
1157 1001 1198 1041 et
1228 1000 1410 1041 maxima
1439 999 1481 1040 in
1512 1000 1637 1040 rebus

132 1070 326 1123 congruis
349 1069 615 1112 oboedientia
636 1069 813 1110 fuissent
833 1069 1049 1122 prouocati
1074 1068 1127 1110 ad
1148 1069 1416 1110 credendum.
1449 1069 1637 1110 ceterum

134 1139 168 1181 si
198 1140 258 1187 tu,
292 1139 390 1192 quia
420 1138 648 1191 imperator
679 1138 750 1187 sis,
782 1137 944 1191 fingens
974 1138 1017 1178 te
1049 1151 1175 1179 unum
1209 1151 1230 1179 e
1262 1138 1380 1179 nobis
1411 1148 1540 1190 cogas
1561 1149 1637 1178 nos

133 1207 258 1249 deum
298 1207 586 1260 derelinquere
629 1207 670 1248 et
706 1206 990 1248 idololatriam
1036 1207 1269 1260 suscipere,
1316 1205 1519 1259 numquid
1560 1205 1637 1247 ad-

81 1284 115 1310 ¹⁵
133 1276 433 1331 quiescendum
464 1275 539 1317 tibi
574 1276 664 1326 erit,
698 1289 748 1318 ne
782 1276 958 1330 apostoli
989 1276 1288 1330 praetermissa
1310 1276 1436 1317 fuisse
1457 1275 1637 1316 uidean-

132 1346 200 1386 tur
231 1346 483 1398 praecepta?
516 1346 556 1385 et
586 1344 729 1385 tamen
759 1345 819 1394 tu,
852 1344 922 1397 qui
954 1345 996 1385 te
1025 1343 1147 1398 fingis
1181 1343 1478 1393 Christianum,
1512 1342 1637 1384 Chri-

135 1413 292 1455 stianos
323 1412 542 1466 temptaris
575 1412 684 1466 quod
716 1412 804 1466 ipse
838 1413 894 1454 sis
926 1413 1084 1463 faeere,
1117 1414 1195 1454 hoc
1231 1414 1293 1454 est
1326 1411 1560 1465 apostatas,
1591 1411 1637 1450 tu

135 1482 205 1534 qui
245 1481 379 1523 adhuc
422 1480 576 1522 stultus
616 1480 673 1521 sis
712 1482 753 1521 et
798 1480 1056 1523 incredibilis
1107 1492 1353 1534 permanens
1391 1479 1432 1520 in
1473 1478 1639 1520 malitia

133 1551 227 1599 tua,
268 1551 309 1591 in
341 1563 423 1603 qua
455 1550 496 1590 et
527 1561 600 1591 nos
632 1549 759 1590 fuisse
800 1550 895 1590 ante
936 1549 1211 1602 agnitionem,
1261 1549 1355 1589 ante
1399 1548 1637 1601 susceptam

82 1627 116 1653 2⁰
135 1631 299 1660 sacram
332 1618 459 1659 fidem
492 1618 704 1671 apostolus
737 1616 850 1658 dicit.
885 1617 924 1657 in
958 1617 1108 1671 quibus
1138 1617 1214 1658 tibi
1245 1617 1519 1671 temperaturi
1543 1629 1638 1658 era-

133 1700 249 1733 mus.
290 1687 367 1728 nisi
400 1688 445 1727 ut
477 1699 583 1740 quae
614 1686 732 1727 licita
764 1686 903 1727 essent
944 1685 1242 1738 impleremus?
1290 1687 1362 1727 aut
1393 1698 1489 1727 cum
1522 1685 1639 1726 dicas

134 1757 194 1805 tu,
218 1756 459 1809 blaspheme
479 1755 709 1796 homicida:
741 1758 882 1797 necate
902 1755 1112 1797 eredentes
1131 1756 1180 1796 iu
1201 1755 1376 1797 unicum
1396 1755 1463 1796 dei
1482 1754 1638 1809 filium,

136 1826 258 1866 estote
296 1837 455 1865 meeum
492 1827 772 1877 persecutores
810 1823 958 1865 domus
997 1824 1111 1875 eius,
1158 1837 1316 1866 meeum
1353 1826 1499 1878 ueyate
1529 1835 1637 1875 eum,

136 1892 412 1945 apostolicam
450 1893 632 1946 respuite
669 1892 812 1946 fidem,
850 1893 1051 1946 suscipite
1081 1893 1288 1935 haeresem
1318 1906 1476 1944 meam,
1517 1893 1640 1934 cuius

83 1966 118 1992 ²⁶
137 1974 208 2015 eqo
238 1960 430 2002 omnibus
459 1960 624 2002 uiribus
655 1961 791 2003 cordis
820 1961 902 2002 mei
932 1962 1053 2003 extiti
1083 1965 1269 2011 amator,
1315 1960 1409 2014 quis
1447 1962 1489 2001 te
1528 1960 1637 2001 infe-

134 2028 255 2070 licior
296 2029 379 2077 est,
419 2029 466 2069 ut
504 2042 583 2070 non
622 2030 664 2070 te
704 2029 830 2073 uitet,
870 2042 949 2071 non
987 2030 1030 2071 tc
1070 2031 1172 2071 haec
1213 2030 1351 2071 facere
1391 2029 1638 2071 suadentem

137 2096 387 2138 daemonum
418 2096 621 2149 templum
654 2109 745 2138 esse
777 2108 1035 2150 cognoscens
1064 2098 1226 2151 fugiat?
1258 2098 1356 2151 quia
1378 2099 1480 2139 haec
1505 2098 1639 2146 audis,

137 2164 264 2205 dicis:
315 2165 527 2206 ‘iniuriam
555 2166 703 2218 patior
735 2180 762 2206 a
796 2165 989 2218 Lucifero
1028 2167 1196 2209 homine
1234 2169 1383 2209 misero
1423 2171 1459 2208 et
1497 2168 1640 2220 utique

135 2233 379 2286 imperator,
420 2245 499 2274 non
532 2233 800 2287 subsequitur
831 2246 968 2276 sermo
998 2235 1069 2277 ille
1099 2235 1198 2277 tuus
1229 2235 1498 2289 blasphemus
1535 2248 1637 2276 con-

82 2307 119 2333 80
137 2302 377 2353 spurcatus:
411 2301 540 2342 audio
571 2316 678 2354 quae
709 2316 863 2343 mereor
891 2317 919 2344 a
949 2303 1147 2356 Lucifero
1178 2304 1340 2346 domini
1370 2304 1591 2346 sacerdote.

194 2369 415 2411 XXXIIII.
466 2369 629 2411 Galatis
663 2383 739 2412 uas
771 2371 1008 2421 electionis,
1048 2373 1200 2422 miror,
1241 2373 1394 2426 inquit,
1434 2372 1545 2425 quod
1580 2372 1640 2413 sic

137 2439 224 2478 tam
254 2438 334 2478 cito
363 2438 703 2490 transferimini,
745 2441 819 2492 qui
851 2453 922 2481 uos
954 2442 1126 2481 uocauit
1156 2442 1200 2482 in
1233 2442 1398 2495 qratia,
1439 2444 1487 2481 in
1518 2440 1640 2482 aliud

271 2538 311 2571 31
342 2538 417 2573 Gal.
444 2540 475 2579 1,
501 2540 591 2573 6-9

205 2630 226 2663 2
253 2630 497 2665 interemamus
592 2632 613 2665 8
639 2632 716 2666 illut
812 2632 854 2665 10
879 2633 917 2666 ut
943 2632 965 2665 ii
992 2643 1124 2677 quoque
1142 2633 1234 2668 coni.
1258 2633 1496 2674 Gallandius,
1522 2633 1641 2676 utique

137 2686 231 2721 idem
260 2699 335 2722 esse
361 2689 458 2732 quod
485 2690 520 2723 et
547 2689 603 2733 qui
629 2690 747 2733 utiquc
775 2700 847 2722 mm
877 2689 1085 2734 intelleyens
1201 2689 1244 2723 24
1270 2701 1317 2724 cu
1347 2691 1398 2724 ius
1507 2690 1550 2723 25
1576 2700 1639 2734 ego

136 2765 165 2789 s.
191 2755 211 2789 1.
238 2767 282 2789 m.
307 2756 372 2790 alt.
465 2756 508 2790 26
535 2767 649 2791 nonne
677 2769 693 2790 ι·
785 2739 941 2792 es'isero
1035 2758 1076 2793 31
1103 2758 1223 2802 inquid
1321 2758 1365 2793 32
1389 2740 1638 2794 transferimini

143 2811 182 2854 V,
207 2811 464 2847 transferamini
493 2825 528 2850 ττι
554 2813 598 2847 ab
625 2826 664 2848 eo
690 2815 778 2849 add.
807 2815 986 2849 Latinius
1081 2815 1167 2850 aliut
