1934 3278
1579 254 1644 284 vn

140 365 351 420 suppleuit
382 365 507 419 atque
537 363 610 406 1116
642 363 685 405 61
708 364 740 405 1.
763 363 916 417 Egger,
948 363 1021 405 ubi
1043 363 1094 405 de
1124 363 1375 406 lectionibus
1398 364 1642 408 dubitabam

142 435 212 477 uel
227 435 270 476 in
288 433 592 488 distinguendis
610 433 891 475 correctorum
908 432 1100 474 manibus
1121 432 1359 483 haerebam,
1381 445 1449 474 me
1470 434 1644 487 rogante

142 504 294 545 iterum
335 503 571 556 iterumque
613 501 802 543 codicem
844 501 1199 543 examinauerunt.
1253 502 1342 544 eius
1372 503 1502 544 uerba
1535 503 1645 544 enim

140 572 335 615 librarius
379 573 468 626 ipse
501 571 554 613 ad
585 570 788 621 codicem,
837 583 961 624 quem
1008 570 1296 624 descripturus
1346 572 1447 621 erat,
1496 571 1646 613 deinde

143 641 276 682 altera
306 653 452 683 manus
485 651 616 693 eaque
646 638 787 693 paullo
818 638 866 680 ut
896 638 1062 680 uidetur
1092 639 1301 681 recentior
1326 652 1402 681 1166
1434 641 1644 682 constanti

142 723 242 752 cura
282 713 354 764 (=
385 724 439 754 m.
483 710 593 762 alt),
639 709 850 762 postremo
895 720 1043 750 manus
1088 709 1390 759 recentissima,
1440 722 1546 763 quae
1595 709 1646 751 ab

144 778 337 821 editionis
381 778 580 833 principis
628 776 766 819 aetate
812 777 981 830 propius
1030 777 1149 819 abest
1181 780 1253 832 (=
1285 791 1340 819 m.
1373 779 1490 830 rea),
1522 777 1646 819 nimis

142 847 289 889 sedulo
318 846 657 889 retractauerunt
687 846 729 887 et
760 846 1040 887 correxerunt.
1085 846 1199 899 atqui
1221 846 1327 888 hanc
1358 846 1506 900 ipsam,
1539 859 1646 900 quae

141 915 323 969 genuina
362 915 492 957 uerba
533 914 777 967 saepissime
819 913 1080 956 oblitterauit
1121 914 1247 968 atque
1285 915 1474 956 omnibus
1509 914 1644 957 adhuc

142 985 278 1027 fraudi
309 985 399 1035 fuit,
432 984 587 1026 nullius
620 983 882 1026 auctoritatis
918 996 1010 1026 esse
1031 984 1079 1025 ut
1098 984 1308 1038 probetur,
1342 997 1390 1026 ex
1420 983 1648 1026 innumeris

142 1054 342 1108 exemplis
381 1065 518 1108 pauca
556 1052 787 1101 sufficient3
837 1052 921 1094 alia
957 1052 1178 1095 occasione
1210 1053 1310 1094 data
1339 1053 1380 1094 in
1412 1054 1490 1095 hac
1522 1064 1647 1106 prae-

142 1123 296 1165 fatione
344 1121 572 1164 addentur:
622 1134 660 1175 p.
702 1121 797 1172 115,
837 1122 864 1163 6
907 1120 1077 1164 Lucifer
1122 1133 1367 1175 peruersum
1413 1121 1647 1164 Constantii

142 1191 329 1234 studium
370 1190 582 1240 describit,
627 1190 696 1243 qui
728 1190 1020 1242 Athanasium,
1062 1190 1130 1232 6111
1160 1190 1208 1231 111
1236 1190 1278 1232 111
1312 1189 1517 1244 angustiis
1547 1202 1645 1231 uer-

142 1259 251 1301 santi
282 1259 460 1301 tutelam
490 1258 680 1312 praeberi
714 1258 817 1301 deus
847 1259 1004 1310 iubeat,
1045 1259 1234 1301 damnari
1270 1259 1395 1301 uelit:
1439 1259 1541 1301 deas
1571 1272 1647 1301 nos

142 1328 364 1370 subuenire
394 1327 490 1370 uult
517 1328 566 1369 in
589 1329 809 1381 pressuris
840 1331 964 1381 atque
991 1329 1205 1383 anqustiis
1234 1329 1475 1370 constitutis
1486 1340 1502 1379 ;
1533 1330 1572 1369 et
1603 1330 1647 1369 tu

143 1410 209 1439 eos
253 1410 354 1450 quos
398 1396 634 1450 benefacere
675 1400 830 1450 oportet
874 1398 1124 1451 malefacere
1167 1410 1333 1452 aryues.
1383 1409 1532 1438 manus
1562 1409 1646 1438 rec.

142 1479 219 1508 nos
265 1466 307 1507 in
358 1465 478 1508 nobis
526 1465 720 1515 mutauit,
773 1478 869 1508 cum
904 1479 926 1508 a
966 1467 1095 1508 uerbo
1137 1467 1229 1508 uult
1276 1466 1565 1508 accusatiuum
1611 1478 1646 1506 6.

143 1535 213 1577 inf.
260 1535 442 1589 pendere
488 1548 567 1577 non
613 1535 792 1586 uideret,
841 1536 969 1590 idque
1013 1537 1146 1578 Tilius
1184 1536 1343 1590 recepit
1374 1536 1416 1577 61
1443 1535 1647 1580 Latinius,

144 1610 214 1663 qui
259 1610 478 1652 subueniri
530 1610 752 1661 scribebat,
807 1611 1030 1653 defendere
1078 1611 1239 1652 studuit
1289 1609 1503 1664 scriptoris
1549 1621 1647 1651 sen-

143 1683 275 1725 tentia
297 1683 397 1737 quid
420 1683 679 1726 Christianos
704 1684 842 1726 facere
866 1684 1036 1726 deceret
1058 1684 1247 1726 docentis
1268 1697 1437 1738 prorsus
1468 1683 1645 1726 sublata.

141 1779 196 1784 —
227 1765 264 1806 p.
301 1751 395 1801 120,
428 1753 484 1794 22
520 1751 753 1806 interrogat
794 1753 1106 1795 Constantium:
1154 1753 1292 1807 leyisti
1336 1753 1478 1795 ‘nolite
1515 1753 1648 1794 zetari

142 1825 311 1863 mortem
345 1818 413 1852 —-'
445 1835 504 1863 an
535 1822 742 1864 minime?
787 1823 825 1865 si
855 1823 1008 1877 leyisti,
1041 1837 1116 1865 cur
1137 1822 1396 1876 praecepisti
1426 1835 1645 1875 quaerere-

143 1904 238 1932 mus
278 1891 478 1932 nobismet
519 1892 626 1944 ipsis
667 1893 879 1934 mortem?
924 1893 964 1934 si
1003 1905 1089 1934 non
1132 1891 1281 1945 legisti,
1323 1903 1510 1945 coynosce
1546 1890 1648 1943 quid

145 1973 222 2001 nos
252 1960 390 2012 faeere
420 1961 555 2013 fueris
585 1960 788 2010 hortatus,
830 1961 901 2003 ubi
942 1961 1064 2003 solito
1104 1973 1218 2002 more
1251 1961 1427 2002 minime
1456 1971 1529 2014 pro
1562 1972 1647 2000 non¹

143 2029 376 2082 usurpauit,
421 2029 532 2082 quod
572 2030 660 2070 tam
704 2030 927 2071 obscurum
969 2029 1194 2071 correctori
1236 2029 1372 2070 uisum
1406 2028 1480 2076 est,
1514 2027 1560 2068 ut
1591 2040 1646 2068 an

144 2098 377 2138 meministi
424 2097 566 2152 leyisse
606 2099 861 2150 emendaret,
907 2098 1018 2152 quod
1062 2099 1163 2139 item
1209 2098 1250 2139 in
1286 2098 1380 2139 'Pilii
1425 2097 1646 2140 editionem

143 2164 321 2206 transiit.
355 2191 410 2196 —
441 2179 479 2220 p.
506 2167 598 2217 127,
623 2167 678 2208 24
709 2167 926 2209 noluimus
957 2168 1113 2209 iniuste
1145 2170 1273 2208 tecam
1299 2166 1494 2219 persequi
1523 2166 1647 2206 iusti-

144 2234 230 2274 tiae
256 2234 431 2286 plenum
460 2235 683 2288 fructibus,
715 2250 768 2278 ne
797 2238 899 2278 dum
930 2237 978 2277 dc
1009 2239 1046 2277 te
1077 2236 1314 2278 uindictam
1336 2235 1531 2287 coepisset
1550 2246 1646 2275 con-

142 2303 272 2354 sequi,
319 2302 470 2355 fuisset
513 2308 753 2346 consecutus
798 2306 926 2346 etiam
971 2305 1021 2346 de
1067 2305 1196 2354 nobis,
1248 2305 1273 2345 i.
1309 2317 1342 2345 e.
1376 2316 1426 2345 ne
1469 2303 1567 2343 dum
1601 2303 1646 2342 tu

146 2370 364 2425 punireris,
401 2372 527 2413 etiam
560 2385 633 2414 nos
664 2373 914 2426 puniremur.
965 2374 1091 2415 tenue
1132 2374 1270 2414 autem
1304 2372 1413 2425 quod
1447 2370 1648 2412 adhaeret

146 2439 380 2492 scripturae
425 2440 583 2482 codicis
629 2441 779 2483 uitium
818 2443 1015 2485 uindicta
1051 2441 1215 2483 induxit
1252 2441 1543 2482 correctorem.
1577 2438 1647 2492 qui

148 2509 343 2560 consequi
374 2520 446 2562 pro
479 2510 596 2562 sequi
638 2510 847 2563 accipiens
891 2510 1090 2551 audacter
1128 2510 1332 2563 reposuit:
1379 2523 1431 2551 ne
1469 2510 1570 2550 (tum
1601 2507 1649 2548 de

148 2579 186 2616 te
214 2577 408 2618 uindicta
439 2579 634 2630 coepisset
657 2580 862 2632 consequi,
894 2580 1045 2632 fuisset
1065 2582 1280 2620 consecuta
1302 2579 1428 2619 etiam
1449 2578 1498 2619 de
1518 2576 1646 2617 nobis.

144 2669 201 2674 —-
240 2644 333 2694 149,
368 2647 414 2686 11
451 2646 667 2687 notuimus
698 2647 907 2688 damnare
937 2647 1155 2695 absentem,
1188 2647 1400 2688 noluimus
1430 2648 1649 2686 nocentum

144 2714 257 2765 ferre
302 2715 566 2755 sententiam.
619 2714 786 2755 Lucifer
820 2714 1110 2756 Constantium
1144 2715 1186 2755 et
1216 2715 1425 2759 Arrianos,
1475 2726 1646 2767 quorum

147 2781 379 2823 sententias
425 2782 621 2823 catholici
665 2783 845 2836 episcopi
889 2784 1004 2836 sequi
1046 2783 1278 2831 noluerunt,
1311 2787 1498 2825 nocentes
1531 2782 1643 2826 dicit.

145 2848 172 2888 i.
208 2861 243 2890 e.
277 2850 466 2891 nefarios.
522 2850 668 2893 eodem
708 2864 831 2893 3611311
873 2852 960 2904 ipse
993 2853 1088 2902 289,
1126 2853 1177 2893 112
1217 2856 1406 2894 nocentes
1445 2853 1647 2905 coquntur
