1934 3278
416 252 470 287 De
496 264 566 287 non
591 251 764 297 parcendo
791 252 827 286 in
852 251 954 286 deum
979 250 1274 295 delinquentibus
1520 251 1604 293 229

99 380 253 434 poteris
287 379 500 428 dubitare,
533 390 582 419 ex
612 377 697 419 illis
734 375 895 418 dictum
927 377 978 418 de
1011 378 1160 430 quibus
1193 377 1348 418 audisti
1378 377 1604 430 prophetae

101 462 126 491 a
156 448 342 490 domino:
373 451 412 490 et
441 451 499 498 tu,
529 446 597 500 fili
626 445 825 499 hominis,
858 458 910 487 ne
938 447 1130 488 timueris
1161 460 1291 500 neque
1321 446 1606 499 trepidaueris

100 531 128 558 a
156 517 266 570 facie
295 530 451 566 eorum,
483 515 685 568 quoniam
716 514 1033 566 effuriabuntur
1062 518 1102 556 et
1131 518 1382 557 concurrent
1411 528 1539 567 super
1569 517 1606 557 te

98 586 148 626 in
176 585 357 627 circuitu
387 586 427 625 et
454 585 504 624 in
535 583 668 625 medio
698 582 967 634 scorpionum
998 586 1044 624 tu
1074 582 1253 625 liabitas.
1302 583 1395 624 hinc
1429 583 1506 625 tibi
1537 584 1604 624 in-

67 653 243 695 siuriosi
275 665 431 703 sumus,
465 652 564 705 quia
594 651 741 692 uideas
771 651 813 691 te
842 663 866 691 a
896 651 1014 692 nobis
1046 651 1257 704 scorpium
1277 652 1432 693 uocari.
1465 651 1502 693 si
1527 664 1606 693 non

98 722 141 763 te
174 733 265 763 esse
298 721 506 774 scorpium
539 720 713 761 dixisset
748 719 863 769 (16113,
910 719 1060 761 merito
1090 732 1157 761 me
1192 719 1354 761 diceres
1385 721 1605 761 contume-

100 790 272 838 liosu1n3
321 802 427 831 1111116
461 801 560 831 uero
594 789 757 831 actibus
789 789 831 829 te
862 788 946 829 tuis
977 788 1221 830 manifestas
1262 801 1353 830 esse
1396 789 1606 842 scorpium

101 859 143 899 et
174 870 219 900 es
249 858 404 900 frustra
435 858 656 899 clamitans
688 857 988 899 contumeliam
1017 858 1061 898 te
1092 857 1179 910 pati
1211 870 1235 898 a
1267 858 1397 899 nobis.
1432 857 1535 899 deus
1563 858 1607 898 16

101 927 309 980 scorpium
351 939 443 968 csse
484 927 607 976 dicit,
653 927 694 967 et
731 927 833 967 mihi
864 926 1060 967 irasceris
1092 939 1165 967 cur
1195 928 1237 967 te
1271 939 1318 968 eo
1350 939 1498 968 uocem
1529 939 1606 968 no-

51 1012 83 1038 10
99 995 238 1037 mine?
271 1008 376 1049 quae
409 996 513 1037 haec
547 995 802 1036 contumelia
835 1001 911 1046 est,
945 995 978 1037 si
1011 995 1176 1036 dicatur
1206 995 1304 1037 tibi:
1337 996 1426 1037 nisi
1452 998 1487 1037 te
1507 1009 1607 1037 uer-

100 1065 202 1106 teris
232 1065 289 1106 ad
318 1066 456 1114 deum,
486 1066 570 1107 eris
602 1078 761 1119 semper
791 1078 904 1107 unus
934 1068 981 1106 ut
1012 1079 1125 1107 nunc
1156 1078 1197 1107 es
1228 1079 1277 1106 ex
1304 1065 1608 1118 scorpionibus,

103 1147 152 1175 ex
181 1134 442 1176 uastissimis
473 1148 584 1176 unus
614 1134 807 1176 inimicis
836 1135 931 1176 dei?

160 1203 211 1244 X.
243 1203 444 1244 Percurre
476 1203 638 1256 reliqua
659 1202 855 1244 Ezechiel
884 1203 1124 1255 prophetae,
1159 1203 1201 1244 et
1233 1202 1339 1243 aude
1371 1214 1437 1243 me
1471 1202 1609 1243 dicere

101 1272 371 1322 insolentem,
405 1273 650 1325 superbum,
683 1271 1053 1323 contumeliosum,
1087 1273 1402 1313 contumacem:
1449 1275 1486 1313 et
1516 1271 1608 1323 fac-

51 1364 84 1389 15
103 1344 191 1383 tum
222 1345 282 1383 est
311 1341 484 1383 uerbum
513 1342 678 1383 domini
708 1342 765 1382 ad
795 1354 860 1382 me
887 1341 1060 1383 dicens:
1089 1341 1156 1395 fili·
1176 1340 1374 1392 hominis,
1407 1354 1492 1383 ecce
1513 1340 1609 1382 dedi

104 1414 140 1453 te
168 1411 471 1464 speculatorem
510 1412 659 1453 domus
690 1410 851 1462 Israel,
898 1412 938 1452 et
977 1410 1127 1452 audies
1156 1410 1206 1452 de
1236 1424 1304 1452 ore
1334 1423 1422 1451 meo
1452 1422 1609 1451 sermo-

102 1493 197 1521 nem
227 1484 264 1522 et
294 1481 616 1523 comminaberis
646 1481 704 1522 eis
734 1495 763 1522 a
792 1494 856 1522 me
885 1481 934 1521 in
965 1493 1008 1522 eo
1038 1480 1146 1533 quod
1175 1481 1318 1522 dicam
1348 1480 1405 1522 ad
1429 1479 1608 1521 scelera-

103 1551 216 1590 tum:
247 1552 376 1591 morte
407 1550 611 1591 morieris.
661 1553 697 1590 et
729 1563 817 1591 non
846 1549 1086 1591 distinxisti
1115 1548 1185 1590 illi
1215 1562 1347 1601 neque
1376 1547 1535 1589 locutus
1556 1560 1610 1597 es,

102 1620 150 1658 ut
180 1618 456 1671 distinyueres
485 1618 682 1660 scelerato
713 1621 902 1659 auertere
932 1631 960 1658 a
990 1617 1077 1659 uiis
1106 1617 1217 1667 suis,
1264 1620 1313 1658 ut
1343 1617 1489 1665 uiuat,
1532 1616 1610 1658 ille

51 1705 85 1731 ιο
105 1686 328 1728 sceleratus
358 1687 407 1728 in
436 1687 656 1728 iniustitia
693 1699 774 1728 sua
816 1687 1029 1738 morietur,
1076 1688 1114 1727 et
1151 1686 1405 1740 sanquinem
1440 1687 1531 1727 eius
1561 1685 1611 1727 de

105 1769 239 1797 manu
278 1759 353 1797 tua
395 1757 625 1809 inquiram.
677 1759 717 1797 et
756 1758 801 1796 tu
839 1756 878 1796 si
916 1755 1166 1797 distinxeris
1211 1754 1408 1796 scelerato
1446 1757 1483 1796 et
1528 1767 1612 1795 non

106 1827 331 1866 auersatus
361 1825 494 1877 fuerit
524 1824 577 1866 ab
607 1824 753 1866 scelere
782 1837 858 1866 suo
889 1827 926 1866 et
957 1824 1036 1865 uia
1065 1836 1165 1873 sua,
1205 1824 1430 1865 sceleratus
1461 1823 1534 1864 ille
1564 1824 1612 1864 in

104 1892 326 1934 iniustitia
354 1906 436 1934 sua
466 1894 678 1945 morietur,
716 1895 755 1934 et
784 1896 830 1933 tu
861 1893 1054 1934 animam
1085 1895 1206 1933 tuam
1241 1891 1451 1933 liberabis.
1499 1894 1536 1933 et
1565 1892 1613 1932 in

105 1974 148 2003 eo
185 1962 235 2003 in
273 1975 352 2015 quo
384 1962 642 2004 aduersatur
670 1962 808 2004 iustus
839 1976 868 2004 a
896 1961 1076 2003 iustitiis
1114 1962 1204 2002 suis
1242 1963 1280 2002 et
1320 1960 1449 2014 faciet
1478 1960 1611 2002 delie-

53 2047 88 2073 25
105 2033 206 2085 tum,
239 2033 276 2072 et
305 2030 411 2073 dabo
440 2034 692 2072 tormentum
713 2031 762 2072 in
782 2031 895 2084 facie
915 2031 1015 2082 eius,
1049 2030 1140 2083 ipse
1161 2030 1378 2082 morietur,
1413 2030 1614 2081 quoniam

106 2113 192 2141 non
221 2099 461 2141 distinxisti
490 2099 572 2141 illi.
605 2102 641 2140 et
672 2099 721 2140 in
747 2099 933 2151 peccatis
963 2099 1053 2140 suis
1083 2098 1299 2149 morietur,
1331 2111 1375 2139 eo
1396 2097 1505 2150 quod
1528 2110 1613 2138 non

103 2169 193 2210 sint
222 2169 271 2209 in
301 2169 545 2210 memoriam
575 2168 764 2210 iustitiae
793 2169 897 2219 eius,
930 2171 966 2209 et
996 2168 1250 2221 sanquinem
1280 2168 1370 2208 eius
1399 2166 1449 2208 de
1479 2179 1609 2207 manu

107 2240 182 2279 tua
221 2237 458 2289 exquiram.
510 2240 555 2279 tu
585 2239 725 2279 autem
754 2237 794 2279 si
825 2236 1074 2278 distinxeris
1113 2237 1222 2278 iusto
1253 2249 1305 2278 ne
1335 2234 1613 2287 derelinquat,

107 2309 143 2346 et
173 2306 262 2359 ilise
291 2319 379 2347 non
409 2305 694 2359 derelinquat,
743 2306 882 2347 iustus
922 2305 997 2347 ille
1036 2305 1190 2347 uiuens
1229 2305 1365 2351 uiuet,
1413 2304 1615 2356 quoniam

55 2387 91 2412 so
106 2374 343 2416 distinxisti
374 2375 454 2427 illi,
487 2378 524 2416 et
555 2378 601 2415 tu
633 2375 826 2415 animam
860 2376 976 2415 tuam
999 2373 1205 2415 saluabis.
1241 2373 1354 2426 quid,
1380 2370 1613 2419 Constanti,

109 2442 213 2484 (11613
247 2442 299 2483 ad
332 2444 464 2484 haec‘?
496 2442 775 2484 tacendumne
808 2441 1098 2483 sacerdotibus
1130 2441 1199 2483 dei
1232 2441 1312 2483 erit
1344 2441 1386 2481 et
1414 2439 1615 2481 mandata

245 2591 287 2625 14
313 2590 372 2625 ΕΖ.
397 2591 429 2634 3,
456 2591 587 2625 16-21

180 2715 194 2748 1
229 2717 360 2759 poterit
391 2728 410 2749 r
553 2716 715 2752 dubitare
750 2717 898 2761 scripsi,
931 2715 1084 2750 dubitari
1115 2715 1166 2749 Vr
1312 2712 1525 2758 prophaetae

113 2785 154 2819 13
181 2786 354 2820 :iezechiel
483 2788 523 2822 17
550 2788 779 2822 scaeleratum
920 2787 961 2821 21
989 2786 1210 2820 distincxeris
1352 2783 1396 2817 22
1421 2764 1527 2837 fueris

111 2869 155 2903 24
173 2869 352 2901 auersatur
368 2867 457 2909 fort.
551 2869 595 2902 26
614 2850 805 2902 distincxisti
893 2867 937 2900 30
955 2866 1165 2900 (11311116ῑ131ἰ
1251 2865 1292 2899 31
1313 2866 1361 2909 et]
1381 2864 1466 2898 haec
1483 2864 1571 2905 fort.
