1934 3278
561 267 615 301 De
641 269 763 301 sancto
788 266 983 301 Athanasio
1008 266 1098 301 liber
1122 266 1165 302 11.
1539 268 1617 311 197

115 394 338 437 reuincere.
399 395 499 435 sunt
529 393 643 435 enim
672 392 798 434 multi
829 396 956 434 etiam
987 405 1073 434 non
1115 392 1284 444 subditi,
1323 392 1552 445 uaniloqui
1583 395 1622 434 et

115 465 357 517 deceptores,
390 462 574 504 maxime
610 462 685 515 qui
725 475 775 503 ex
812 462 1130 504 circumcisione
1169 465 1281 513 sunt,
1329 475 1430 515 quos
1464 465 1622 515 oportet

115 532 327 587 redaryui,
373 532 448 585 qui
486 531 713 572 uniuersas
753 530 893 572 domos
932 533 1125 573 euertunt
1168 531 1358 574 docentes
1397 545 1504 584 quae
1534 545 1621 573 non

114 603 272 655 oportet
301 601 440 653 turpis
480 600 589 642 lucri
616 601 774 654 qratia.
836 614 930 642 cum
970 601 1097 654 igitur
1138 602 1267 643 talem
1307 602 1490 644 uoluerit
1530 603 1620 656 epi-

82 682 96 706 ⁵
116 682 286 724 scopum
318 670 421 719 fieri,
465 670 535 724 qui
566 670 672 711 hanc
703 670 916 711 tenentem
958 670 1122 712 uiueret
1152 671 1265 712 uiam
1297 671 1497 721 iustitiae,
1541 684 1622 725 qua

113 739 159 781 tu
182 739 433 781 auctoritate
456 738 510 780 ad
533 738 796 780 excludenda
815 738 1017 780 mandata
1038 740 1149 780 beati
1174 739 1351 792 apostoli
1374 752 1483 782 noua
1503 753 1621 794 prae-

115 811 237 862 cepta
282 807 382 849 dare
426 807 620 861 dignatus
660 811 735 849 es?
774 820 823 848 ea
862 808 1064 849 uidelicet
1104 821 1210 861 quae
1251 821 1299 849 ex
1339 809 1495 851 diaboli
1532 822 1623 851 esse

115 876 339 919 noscantur
371 878 462 918 orta
492 877 721 918 uoluntate.
785 877 998 929 apostolus
1037 889 1103 918 me
1136 889 1215 918 non
1247 877 1510 927 iracundum,
1544 890 1621 918 non

115 958 402 999 percussorem
434 946 526 987 uult
556 945 660 995 fieri,
694 946 737 987 et
766 946 812 986 tu
843 957 911 986 me
933 944 1186 987 homicidam
1218 945 1282 987 uis
1315 945 1438 987 effici.
1474 946 1623 1000 quibus

68 1023 98 1050 1⁰
118 1027 166 1056 ex
196 1015 321 1056 rebus
352 1015 491 1068 potest
528 1014 671 1069 colligi
712 1014 903 1067 spiritum
943 1015 1134 1056 sanctum
1172 1014 1359 1056 locutum
1400 1027 1470 1056 ore
1511 1015 1623 1058 beati

118 1083 308 1137 apostoli,
332 1084 522 1137 spiritum
546 1096 645 1125 uero
667 1096 846 1137 nequam
868 1083 1055 1125 locutum
1078 1095 1149 1124 ore
1171 1084 1313 1125 uestro
1335 1083 1620 1126 Arrianorum.

117 1152 323 1205 conspicis
353 1153 515 1194 interea
554 1152 779 1194 mandasse
821 1152 1068 1205 apostolum⁷
1109 1152 1156 1192 ut
1192 1164 1268 1194 uos
1305 1153 1478 1194 ueritati
1517 1153 1625 1194 resi-

118 1221 277 1263 stentes
307 1221 581 1263 indentemini
621 1221 805 1275 episcopi
844 1221 1095 1270 interuentu,
1137 1221 1186 1262 ut
1224 1233 1297 1274 per
1337 1233 1481 1263 sanam
1523 1221 1626 1263 doc-

116 1290 268 1331 trinam
301 1291 446 1332 uestra
475 1291 621 1344 punita
653 1291 765 1333 esset
795 1290 1067 1343 blasphemia.
1102 1302 1180 1331 non
1203 1289 1257 1331 ad
1283 1291 1359 1332 hoc
1386 1291 1499 1332 beati
1523 1303 1626 1344 apo-

69 1366 100 1392 ¹⁵
119 1358 215 1400 stoli
245 1359 399 1411 protuli
434 1359 592 1401 dictum
623 1362 806 1412 oportere
843 1359 1084 1412 episcopum
1116 1359 1207 1400 sine
1238 1360 1415 1400 crimine
1445 1372 1539 1404 esse,
1580 1360 1627 1400 ut

118 1439 185 1469 me
216 1427 482 1480 peccatorem
514 1440 727 1481 negarem,
775 1440 871 1469 cum
913 1428 955 1469 et
985 1440 1123 1469 meam
1163 1428 1295 1470 norim
1328 1428 1627 1470 conscientiam

120 1497 163 1539 et
204 1496 344 1538 dicere
385 1497 551 1538 audiam
596 1498 671 1539 Iob
709 1497 829 1538 illum
868 1497 1047 1538 iustum:
1094 1498 1190 1550 quis
1226 1498 1339 1538 enim
1378 1498 1563 1539 mundus
1602 1512 1629 1537 «i

119 1565 344 1607 sordibus?
403 1579 534 1615 nemo,
580 1567 708 1608 etiam
737 1566 776 1608 si
805 1567 937 1608 unius
974 1566 1062 1608 diei
1092 1567 1147 1607 sit
1177 1566 1271 1607 uita
1300 1567 1390 1608 eius
1420 1566 1469 1606 in
1502 1568 1628 1617 terra,

120 1634 347 1676 Iohannem
380 1634 507 1677 etiam
538 1635 710 1677 beatum
744 1634 964 1676 aduertam
998 1634 1161 1676 dicere:
1193 1635 1232 1676 si
1262 1635 1497 1677 dixerimus
1527 1635 1631 1684 quia

64 1714 102 1740 20
113 1707 336 1756 peceatum
366 1717 451 1746 non
472 1703 684 1755 habemus,
716 1718 793 1746 nos
812 1705 925 1757 ipsos
945 1705 1180 1757 decipimus
1203 1707 1239 1745 et
1259 1704 1420 1745 ueritas
1440 1704 1488 1745 in
1511 1703 1628 1745 nobis

121 1786 208 1814 non
237 1776 308 1815 est.
356 1786 435 1816 non
467 1785 564 1828 ergo
595 1773 755 1815 idcirco
788 1773 963 1827 apostoli
986 1774 1257 1826 praeceptum
1281 1772 1449 1826 protuli,
1482 1772 1529 1813 ut
1560 1772 1631 1825 qui

121 1841 382 1884 meminerim
419 1854 486 1884 me
525 1843 791 1896 peccatorem
829 1843 1120 1896 praedicarem
1161 1855 1253 1884 esse
1294 1842 1381 1884 sine
1423 1842 1629 1887 sordibus,

123 1910 198 1954 sed
228 1912 275 1953 ut
303 1911 351 1954 tu
382 1924 508 1965 quam
538 1912 595 1954 sit
623 1911 783 1954 malum
815 1911 926 1966 quod
956 1911 1222 1965 praeceperis
1253 1910 1344 1952 fieri
1375 1923 1521 1964 posses
1559 1910 1630 1952 ad-

122 1979 300 2022 uertere.
361 1980 549 2033 iuuenes,
587 1979 735 2034 inquit,
775 1980 978 2022 similiter
1014 1980 1194 2033 hortare,
1225 1983 1271 2021 ut
1301 1979 1437 2021 sobrii
1467 1979 1554 2021 sint
1584 1980 1632 2019 in

73 2055 106 2083 Β
124 2049 328 2103 omnibus,
337 2063 420 2103 per
435 2049 581 2091 omnia
596 2051 634 2091 te
648 2049 791 2102 ipsum
805 2050 991 2103 formam
1000 2049 1211 2102 praebens
1227 2048 1428 2090 bonorum
1444 2061 1629 2102 operum.

124 2117 173 2159 im
201 2117 411 2169 doctrina,
442 2119 492 2160 in
523 2118 776 2173 inteqritate,
816 2119 866 2160 in
894 2119 1121 2172 qrauitate,
1160 2118 1210 2159 in
1239 2130 1427 2160 sermone
1456 2130 1624 2165 sanum,

125 2186 551 2240 inreprehensibilem,
573 2190 620 2229 ut
639 2187 918 2229 aduersarius
935 2190 1190 2239 reuereatur,
1214 2186 1326 2228 nihil
1346 2186 1502 2228 habens
1522 2187 1632 2239 quod

125 2256 261 2298 dicere
292 2257 454 2299 malum
484 2256 533 2298 de
562 2256 692 2297 nobis.

183 2325 381 2367 XXVIII.
414 2324 633 2378 Quomodo
663 2337 731 2366 me
762 2325 938 2366 formam
969 2325 1170 2366 bonorum
1203 2336 1375 2377 operum
1398 2324 1491 2365 aliis
1512 2335 1631 2376 prae-

77 2397 111 2425 ³⁰
126 2393 325 2443 buissem‚
348 2393 384 2435 si
407 2394 652 2447 sanguinem
677 2393 743 2435 dei
766 2394 877 2435 serui
898 2392 1134 2434 fudissem?
1165 2392 1373 2446 quomodo
1397 2391 1629 2433 doctrinam

127 2461 334 2516 integram
379 2475 504 2516 quam
554 2462 818 2504 tradiderunt
864 2462 1039 2515 apostoli
1085 2461 1400 2515 praedicantem
1446 2471 1513 2501 me
1566 2459 1631 2500 dei

267 2587 308 2621 17
333 2586 395 2621 Iob
422 2587 476 2628 14,
501 2587 532 2622 4.
559 2587 579 2621 5
675 2587 716 2621 19
742 2586 757 2620 Ι
783 2586 855 2621 Iob.
882 2587 913 2627 1,
940 2586 961 2620 8
1054 2586 1098 2619 24
1124 2585 1191 2620 Tit.
1217 2585 1249 2625 2,
1276 2585 1367 2620 6-8

199 2703 219 2736 5
243 2704 367 2738 tenens
384 2706 568 2747 esc-spectes
662 2700 683 2735 8
699 2701 801 2735 horta
898 2700 939 2734 13
963 2698 1193 2733 indentemini
1221 2699 1317 2732 idem
1341 2698 1496 2733 uidetur
1522 2699 1634 2744 siyui-

130 2760 243 2802 ficare
267 2760 364 2804 quod
381 2758 639 2804 infringamini;
663 2758 774 2821 nihili
798 2761 851 2792 est
870 2757 968 2801 quod
985 2757 1175 2791 coniciunt
1201 2755 1430 2799 indeptemini
1456 2755 1633 2801 Ganyius.

131 2827 345 2873 integerrimi
365 2828 484 2863 Titius
579 2827 622 2862 18
645 2836 733 2861 nnus
837 2825 881 2859 22
907 2825 993 2870 esse]
1019 2834 1074 2859 me
1099 2834 1175 2859 esse
1200 2828 1384 2869 exspectes
1484 2823 1528 2858 27
1554 2822 1635 2868 quid

134 2896 153 2920 v
