1934 3278
572 219 791 255 Moriendum
818 231 893 254 esse
918 231 979 264 pro
1005 219 1061 254 dei
1086 221 1172 255 filio.
1543 223 1622 264 311

123 362 211 403 eius
252 359 326 401 filii
368 371 576 412 unamque
620 358 819 400 deitatem
861 358 1075 412 possidere
1117 360 1278 412 patrem
1313 360 1355 401 et
1384 359 1537 410 filium,
1584 361 1625 402 in

122 430 335 472 aeternum
366 430 409 469 te
441 428 692 481 periturum,
726 427 933 480 siquidem
964 427 1110 469 Arrius
1141 428 1345 482 magister
1375 429 1472 470 tuus
1504 441 1625 470 crea-

120 500 254 540 turam
296 497 446 538 dixerit
486 496 553 538 dei
592 496 723 537 filium
765 497 806 536 et
842 497 888 537 tu
927 495 1114 537 eiusdem
1147 496 1199 537 ad
1232 497 1397 538 caelum
1430 497 1626 539 extuleris

120 580 250 621 usque
280 566 476 608 laudibus
507 565 822 618 blasphemiam.
876 577 950 606 nos
979 566 1021 605 te
1055 577 1272 618 urgemus,
1310 577 1527 618 rogamus,
1560 566 1626 607 in-

85 641 100 664 ⁵
122 635 314 689 pellimus
349 635 426 676 deo
448 634 538 675 fieri
563 634 909 682 amantissimum,
943 634 985 675 et
1005 634 1051 674 tu
1073 634 1115 675 te
1137 633 1332 675 iniuriam
1354 634 1440 687 pati
1464 646 1487 675 a
1510 634 1627 676 nobis

123 704 317 757 quereris.
353 703 410 745 sic
434 703 600 744 inanem
625 702 840 755 dignitatis
862 703 959 743 tuae
986 703 1116 743 tueris
1148 715 1380 751 censuram,
1411 703 1627 756 tamquam

124 773 223 814 haec
272 773 326 814 sit
363 774 406 813 te
448 784 470 812 a
508 771 720 825 perpetuis
768 771 960 824 ereptura
1006 771 1289 818 cruciatibus;
1338 771 1463 825 erigis
1505 784 1630 825 super

125 840 276 883 domini
310 841 550 882 sacerdotes
583 840 806 893 superbum
838 841 986 893 caput,
1036 852 1115 881 non
1149 839 1372 881 aduertens
1404 840 1627 893 scriptum:

124 911 259 952 omnis
290 911 364 963 qui
394 923 434 951 se
463 909 628 951 exaltat
656 908 979 958 humiliabitur,
1027 911 1065 950 et
1098 909 1173 961 qui
1203 921 1245 950 se
1273 908 1480 951 humiliat
1509 909 1627 950 exal—

71 979 295 1021 ¹⁰tabltur.
345 978 570 1032 apostolus,
603 978 676 1031 qui
708 991 802 1020 cum
833 979 881 1019 in
911 978 1050 1030 forma
1072 978 1140 1019 dei
1161 980 1274 1027 esset,
1309 977 1412 1019 dicit
1435 977 1485 1019 de
1507 978 1628 1019 unico

125 1060 246 1101 quem
277 1048 316 1088 in
349 1059 422 1088 nos
453 1046 717 1100 persequeris
750 1046 818 1087 dei
858 1045 957 1095 filio,
998 1059 1085 1087 non
1115 1049 1173 1087 est
1204 1047 1410 1098 rapinam
1441 1046 1627 1087 arbitra-

123 1118 191 1157 tus
221 1129 303 1157 esse
332 1129 374 1157 se
394 1115 612 1168 aequalem
633 1116 719 1169 deo,
752 1115 824 1156 secl
854 1118 978 1157 semet
996 1115 1137 1168 ipsum
1166 1115 1413 1156 eminaniuit
1440 1115 1628 1166 formam

124 1185 238 1226 serui
271 1185 503 1238 accipiens,
549 1185 598 1226 in
628 1184 776 1226 habitu
805 1185 1006 1225 inuentus
1035 1186 1081 1225 ut
1112 1183 1258 1235 homo;
1302 1183 1555 1225 humiliauit
1590 1196 1630 1224 se

123 1266 253 1305 usque
283 1253 340 1294 ad
370 1256 562 1305 mortem,
610 1255 781 1295 mortem
814 1256 955 1294 autem
992 1253 1142 1294 crucis.
1194 1252 1266 1293 1116
1308 1253 1378 1306 qui
1418 1253 1458 1293 in
1498 1252 1631 1293 forma

75 1329 107 1356 ¹⁵
124 1321 254 1374 patris
286 1334 448 1375 semper
480 1322 522 1363 et
552 1321 632 1363 suit
663 1323 706 1362 et
737 1322 801 1363 est
823 1322 865 1362 et
886 1322 1049 1362 futurus
1073 1322 1148 1369 est,
1183 1321 1334 1374 quippe
1357 1334 1480 1362 uerus
1503 1320 1628 1363 filius.

125 1390 274 1443 quippe
304 1390 563 1432 inmutabilis
596 1391 639 1431 et
667 1389 1012 1438 inconuertibilis,
1047 1390 1145 1443 quia
1177 1389 1280 1431 deus
1313 1390 1367 1431 sit
1395 1391 1531 1432 totum
1552 1403 1630 1443 po-

124 1459 216 1499 tens
248 1459 360 1500 filius
393 1459 700 1512 omnipotentis,
738 1460 905 1512 propter
937 1460 1121 1501 nostram
1152 1459 1293 1500 tamen
1328 1459 1506 1500 salutem
1539 1471 1631 1500 sese

125 1527 346 1568 humiliare
370 1528 565 1581 dignatus
588 1530 664 1571 est.
698 1529 745 1569 ut
765 1541 839 1570 nos
860 1529 1047 1570 iacentes
1071 1529 1195 1581 atque
1218 1528 1438 1581 depressos
1471 1528 1631 1569 erectos

127 1596 413 1649 exaltatosque
456 1596 662 1643 efficeret:
710 1609 816 1650 quae
858 1597 945 1638 eius
983 1598 1127 1638 saneta
1164 1596 1378 1637 humilitas
1408 1597 1451 1636 te
1484 1608 1629 1637 canem

75 1665 316 1706 aorabidum
348 1665 497 1707 feeeri'c
525 1666 680 1706 latrare
713 1667 857 1707 contra
889 1666 977 1707 61113
1010 1665 1195 1706 diuinam
1227 1665 1508 1706 maiestatem.
1543 1665 1632 1706 sola

126 1732 273 1774 uidens
315 1733 365 1774 de
407 1734 535 1775 sacris
576 1734 791 1787 scripturis
839 1747 944 1788 quae
984 1735 1151 1787 propter
1187 1734 1426 1786 susceptam
1459 1732 1631 1774 humili-

125 1802 255 1842 tatem
290 1802 444 1855 scripta
476 1804 583 1850 sunt,
616 1803 873 1856 praeteriens
906 1816 954 1844 ea
987 1815 1092 1856 quae
1117 1803 1329 1843 aeternam
1352 1802 1521 1842 narrent
1543 1802 1632 1843 eius

128 1869 401 1912 diuinitatem.

183 1938 299 1979 XIII.
354 1938 463 1991 Quid
498 1938 550 1979 ad
582 1939 683 1979 haec
715 1939 956 1992 respondes,
991 1939 1223 1986 Constanti,
1261 1938 1328 1979 6111
1361 1939 1505 1980 crebro
1538 1939 1634 1979 sunt

75 2025 106 2051 2⁵
126 2006 412 2048 adclamantes
435 2007 634 2049 Arrianae
658 2007 866 2059 dogmatis
890 2010 987 2049 tuae
1012 2007 1194 2061 episcopi
1218 2008 1456 2061 episcopum
1475 2008 1518 2049 te
1541 2020 1632 2049 esse

127 2075 434 2128 episcoporum,
482 2076 708 2117 morientes
749 2078 918 2129 propter
960 2077 1082 2117 deum
1124 2077 1293 2118 unicum
1330 2076 1463 2118 filium
1495 2076 1633 2117 credis

127 2154 176 2183 an
209 2155 286 2185 non
319 2144 456 2185 eredis
487 2157 660 2197 regnum
692 2157 959 2197 possessuros
991 2145 1233 2186 caelorum?
1286 2146 1320 2187 si
1360 2145 1518 2194 6161113,
1559 2157 1633 2185 6111·

128 2211 180 2252 ad
213 2212 302 2253 eius
335 2213 628 2254 aeternitatem
661 2226 734 2255 nos
764 2214 930 2267 inpellis
963 2214 1227 2268 negandam?
1260 2226 1333 2255 cur
1365 2227 1443 2255 non
1478 2213 1633 2254 desinis

127 2281 434 2333 persequendo,
483 2294 560 2322 non
602 2282 784 2334 quiescis
822 2283 1043 2324 credentes
1082 2283 1123 2324 in
1158 2285 1283 2324 eum?
1329 2295 1402 2323 cur
1439 2282 1556 2323 nobis
1589 2294 1634 2322 es

74 2361 109 2387 ³0
127 2358 291 2401 semper
321 2349 532 2401 inquietus
565 2351 607 2390 et
639 2362 803 2402 semper
844 2351 1040 2398 infestus,
1081 2352 1284 2404 praebens
1314 2352 1356 2391 te
1389 2351 1634 2404 persecuto—

263 2486 283 2516 9
308 2483 389 2517 Luc.
417 2484 470 2523 14,
500 2484 537 2517 11
640 2486 680 2518 lo
707 2485 796 2519 Phil.
824 2487 856 2525 2.
882 2487 972 2520 6-8

195 2631 216 2665 6
243 2634 415 2677 quaereris
509 2633 530 2667 8
551 2615 641 2678 caput
665 2636 687 2678 ζε
714 2646 756 2669 m.
785 2635 864 2671 alt.)
968 2634 1155 2669 aduertans
1183 2648 1224 2670 m.
1252 2639 1270 2669 1
1377 2635 1543 2670 scribtum

130 2711 169 2744 17
195 2715 316 2747 nostra
408 2713 447 2747 21
476 2717 524 2756 p⁷r
552 2715 589 2756 V,
614 2717 754 2758 praeter
781 2727 797 2749 v
891 2716 935 2749 222
960 2715 1091 2750 scribta
1185 2693 1338 2750 mmhaec
1363 2715 1542 2760 respondis

129 2767 172 2801 25
197 2770 325 2804 arriani
351 2770 526 2814 dogmatis
559 2772 611 2805 tui
640 2783 657 2805 υ
797 2774 840 2806 29
866 2775 887 2807 ii
916 2773 1063 2817 quiescis
1097 2775 1125 2807 V
1150 2775 1242 2811 (scil.
1277 2774 1539 2818 persequendo).
1574 2786 1635 2808 nos

130 2825 186 2868 qui
213 2836 329 2859 sumus
359 2839 375 2861 1·
471 2828 515 2861 30
541 2839 676 2872 semper
702 2829 876 2872 inquietus
913 2831 948 2869 V,
975 2830 1212 2874 perinquietus
1248 2843 1264 2865 1·
