1934 3278
327 246 411 288 322
978 245 1176 280 Luciferi

1026 383 1124 423 IIII.
1166 402 1170 406 -

485 462 778 516 LVCIFERI
803 462 892 516 AD
917 462 1326 517 FLORENTIVM
1351 462 1670 518 EPISTVLA.

475 594 705 620 FLORENTIO
728 595 941 620 MAGISTRO
965 594 1219 620 OFFICIORVM
1241 595 1417 621 LUCIFER
1438 595 1668 621 EPISCOPVS·

383 668 549 711 Codicis
579 670 830 723 perlatorem
864 683 986 723 quem
1006 670 1211 711 memorat
1231 670 1545 711 honorificentia
1567 671 1640 712 tua
1662 670 1825 711 nomine

322 750 417 779 meo
452 738 587 779 adisse
612 738 906 791 imperatorem
931 751 953 779 a
974 751 1067 779 mea
1092 738 1218 780 fuisse
1243 738 1496 780 destinatum
1518 738 1822 789 mediocritate,

322 806 459 859 ipsum
483 820 645 860 quoque
669 807 871 849 codicem.
904 807 951 847 ut
983 820 1025 848 es
1049 807 1271 849 admonere
1306 807 1513 861 dignatus,
1549 807 1726 848 sollicite
1757 807 1824 848 in-

323 876 512 928 spectum
545 876 668 929 atque
700 877 863 918 Bonoso
895 876 936 916 in
967 877 1091 917 rebus
1125 876 1264 929 agenti
1295 875 1584 929 perferendum
1606 876 1822 925 traditum,

322 944 386 985 his
418 944 635 986 formanda
664 944 743 986 fuit
773 944 971 998 religiosa
1002 945 1223 998 prudentia
1252 945 1339 991 tua,
1372 944 1431 985 fili
1463 944 1690 985 carissime.
1737 944 1823 985 iam

321 1012 420 1053 tuae
464 1012 541 1053 erit
579 1013 873 1066 generositatis
918 1014 1103 1067 agnitum
1147 1026 1169 1054 a
1200 1026 1267 1054 me
1309 1013 1395 1054 sine
1435 1013 1522 1054 ulla
1554 1012 1822 1054 cunctatione

323 1080 558 1122 defendere.
591 1094 665 1123 nos
699 1083 852 1124 etenim
884 1082 1060 1135 propitio
1095 1082 1171 1124 deo
1205 1082 1348 1123 contra
1371 1095 1420 1123 ea
1446 1082 1613 1136 quaein
1637 1081 1822 1123 nostram

318 1150 519 1202 parantur
550 1163 695 1192 necem
727 1151 836 1192 stare
868 1151 1014 1192 laetos.
1059 1163 1152 1192 cum
1186 1164 1335 1192 causas
1374 1164 1447 1192 cur
1477 1151 1553 1193 tali
1585 1150 1822 1203 scripserim

317 1218 442 1259 modo
476 1219 685 1260 discutere
718 1220 913 1273 coeperit.
946 1220 1143 1261 inueniet.

1045 1515 1094 1556 V.

459 1605 818 1662 ATHANASH
845 1607 932 1662 AD
969 1606 1333 1661 LVCIFERVM
1359 1607 1681 1662 EPISTVLA.

329 1727 492 1753 DOMINO
524 1727 812 1753 DILECTISSIMO
843 1727 996 1752 FRATRI
1026 1726 1226 1753 LVCIFERO
1259 1727 1450 1753 EPISCOPO
1482 1728 1532 1752 ET
1565 1727 1807 1754 CONFESSORI

684 1795 946 1820 ATHANASIVS
978 1795 1021 1819 IN
1052 1795 1213 1820 DOMINO
1248 1795 1450 1820 SALVTEM.

370 1871 458 1913 Deo
490 1870 657 1912 fauente
690 1882 861 1923 corpore
892 1869 1082 1911 ualentes
1124 1869 1314 1911 misimus
1349 1870 1474 1911 etiam
1507 1884 1613 1912 nunc
1647 1872 1818 1914 carissi-

313 1953 429 1981 mum
462 1939 648 1981 nostrum
680 1938 956 1993 Eutycheteni
989 1938 1219 1987 diaconem,
1254 1939 1300 1978 ut
1330 1938 1403 1979 tua
1426 1952 1588 1992 quoque
1619 1940 1819 1993 religiosa

316 2008 532 2057 sanctitas,
575 2007 685 2060 quod
728 2008 791 2048 est
831 2007 948 2049 nobis
987 2006 1212 2059 optandum
1254 2008 1294 2047 et
1335 2006 1624 2058 desiderabile,
1666 2008 1715 2049 de
1745 2009 1819 2049 tua

315 2077 603 2119 incolumitate
624 2077 873 2129 tuorumque
898 2076 1079 2117 omnium
1103 2075 1301 2116 certiores
1323 2088 1397 2116 nos
1421 2075 1586 2116 efficere
1610 2076 1815 2129 dignetur.

314 2146 433 2188 uobis
465 2158 643 2198 namque
676 2144 983 2186 confessoribus
1017 2157 1063 2185 39
1089 2144 1220 2185 3911113
1249 2144 1314 2185 dei
1345 2144 1583 2185 uiuentibus
1607 2145 1817 2187 credimus

316 2216 474 2256 statum
506 2214 738 2255 catholicae
775 2213 986 2254 ecclesiae·
1011 2212 1202 2254 renouari
1245 2212 1285 2253 et
1325 2212 1434 2265 quod
1475 2213 1675 2254 haeretici
1714 2226 1816 2255 con-

313 2283 502 2325 scindere
533 2282 846 2335 temptauerunt
877 2283 953 2322 hoc
989 2281 1201 2323 dominum
1233 2281 1419 2323 nostrum
1442 2282 1582 2322 Iesum
1605 2282 1815 2323 Christum

310 2364 384 2405 per
415 2363 490 2393 uos
524 2350 576 2392 ad
606 2350 815 2404 integrum
837 2350 1071 2391 restituere.
1106 2362 1358 2403 quamquam
1392 2349 1499 2390 enim
1523 2362 1817 2402 praecursores

378 2475 457 2509 ΠΙΙ.
495 2476 712 2519 Epistulam
750 2475 827 2510 esrh.
868 2475 901 2508 V
928 2475 991 2517 fol.
1024 2477 1095 2508 162
1128 2474 1352 2508 inscribens.-
1387 2482 1596 2508 FLORENTIO
1628 2484 1816 2509 MAGISTRO

312 2553 538 2578 OFFchORUM
569 2554 727 2578 LUCIFER
763 2536 830 2577 Efis
947 2544 968 2577 S
994 2542 1213 2576 informanda
1239 2542 1331 2577 coni.
1359 2542 1479 2576 Tilius
1589 2542 1630 2575 11,
1657 2543 1745 2576 letus
1776 2544 1816 2583 V,

310 2611 374 2634 em.
401 2612 421 2634 v
515 2601 602 2634 talia
620 2601 895 2645 Papebrochius
921 2601 961 2634 in
987 2604 1068 2635 tom.
1089 2601 1148 2634 IV
1172 2600 1274 2633 Maii
1291 2599 1464 2634 Bolland.
1491 2610 1570 2643 cap.
1589 2601 1614 2633 2
1631 2604 1814 2634 comment.

311 2658 396 2691 hist.
424 2658 467 2692 de
494 2658 527 2692 S.
555 2659 733 2700 Lucifero

379 2770 419 2804 V.
446 2772 663 2814 Epistulam
688 2774 765 2807 each.
798 2774 830 2807 V
851 2773 914 2815 fol.
940 2772 1027 2807 162b
1053 2772 1277 2806 inscribens:
1293 2780 1454 2805 ,00111110
1480 2789 1524 2795 --
1551 2780 1721 2804 SALVTEM

312 2850 353 2884 18
380 2849 535 2884 daconen
630 2852 671 2885 19
699 2853 893 2887 obtandum

1862 756 1880 781 5

1843 1097 1877 1123 1⁰

1839 1732 1873 1757 15

1838 2097 1871 2122 20
