1934 3278
69 1967 219 1992 emissus
244 1983 253 1991 .
278 1981 290 1992 .
313 1959 379 1993 Dei
404 1984 414 1994 .

540 234 776 269 uerborum
803 237 846 270 et
872 234 1170 271 locutionum.
1552 238 1631 279 211

113 362 218 405 gerat
236 360 310 394 illis
328 360 367 395 11
380 361 436 403 20,
452 360 486 394 4.
512 360 574 395 dat
590 359 694 395 uobis
711 370 819 394 exem—

114 406 226 450 plum,
243 409 323 450 post
340 406 466 441 funera
479 417 622 450 surgere
639 405 819 451 (aliquem)

115 461 214 496 posse
239 452 282 485 A.
310 452 386 490 140,
412 453 442 486 si
459 451 578 486 fuerat
601 456 719 486 castus
742 453 820 495 (ali—
850 460 854 482 ι

112 497 221 542 quis),
245 497 402 532 incestus
428 496 568 541 proficit
585 497 666 531 inde
684 497 725 531 A.
744 497 821 531 211.
851 488 853 506 '

111 562 159 568 -
199 543 256 576 ell.
295 542 397 577 uerbi
436 554 482 577 ex
521 542 822 578 antecedentibus
851 550 853 566 ¹

112 587 330 632 supplendi:
356 588 536 629 succollat,
562 589 702 633 quando
720 588 822 629 libet,
851 569 853 646 Α

114 644 193 668 eum
228 637 274 675 et,
306 634 445 678 quando
471 634 593 679 (libet),
626 633 773 678 deponit
804 634 822 668 Ι

116 679 170 722 19,
197 679 249 713 10.
297 682 390 714 sicut
421 681 538 714 ulmus
571 683 668 714 amat
699 679 821 720 uitem,

115 725 165 759 sic
197 725 266 768 ipsi
292 725 441 769 pusillos
467 727 609 769 (amate)
643 725 660 759 1
685 725 740 766 30,
768 726 821 759 16.
851 729 853 767 ξ

116 781 210 805 nunc
242 771 273 805 si
298 776 419 805 tamen
450 770 584 813 credis,
619 771 675 805 sin
699 773 819 805 autem

115 819 171 860 (=
193 817 252 850 sin
277 820 399 851 autem
423 827 499 851 nou
522 817 668 860 credis),
694 826 757 860 pro
781 827 821 850 eo

113 862 258 897 timebis
290 862 308 896 1
339 862 395 904 32,
428 862 481 896 10.
529 872 600 897 non
631 861 822 906 prouidens

113 918 203 952 quae
227 910 262 942 te
297 907 523 951 (prouidere)
554 910 694 953 oportet
723 907 742 941 I
766 907 821 949 32,
850 905 853 935 Ι

118 954 170 988 14.
219 953 312 998 (10οά
347 953 534 988 crucifixus
573 954 622 988 sit
658 963 738 987 cum
773 955 823 987 sic

117 1000 173 1043 (=
198 999 372 1044 cruciftyz)
400 1001 579 1043 oporteret
603 998 754 1033 eundem
778 998 821 1033 A.

114 1045 195 1079 528.
219 1064 262 1070 -
289 1045 347 1079 cll.
371 1045 479 1080 uerbi
503 1055 595 1080 esse:
619 1045 703 1079 dum
728 1055 822 1078 mor-

116 1094 200 1124 tuus
227 1091 338 1136 (sum),
364 1100 437 1125 non
462 1089 557 1132 bibo,
590 1090 678 1125 dicis
703 1090 743 1125 ΙΙ
767 1090 823 1129 36,

116 1137 148 1170 4.
187 1135 433 1180 Saturnusque
458 1147 560 1171 senex
585 1137 617 1170 si
635 1136 719 1170 deus
746 1135 824 1180 (εει)

116 1182 134 1216 Ι
159 1182 191 1223 4,
219 1182 250 1216 1.
300 1183 451 1216 nimium
478 1183 552 1226 (εει)
579 1182 621 1216 de
645 1182 721 1216 illis
745 1183 823 1215 tota

116 1230 250 1261 deterre
276 1227 295 1262 Ι
319 1227 375 1266 37,
405 1229 458 1263 15.
483 1239 622 1262 summa
647 1227 717 1262 tibi
744 1230 821 1269 (est)

115 1273 154 1308 II
171 1273 204 1314 5,
224 1274 276 1307 11.
300 1272 391 1307 nihil
407 1273 536 1308 melius
554 1274 630 1318 (est)
647 1274 825 1307 inuenisse

114 1319 151 1353 II
189 1320 243 1360 31,
284 1318 336 1353 10.
384 1319 465 1363 quis
505 1321 631 1353 melior
668 1319 824 1353 medicus

118 1367 195 1407 (εει)
214 1391 221 1397 .
241 1390 248 1398 .
266 1366 282 1397 ‘2
306 1363 349 1399 A.
369 1366 422 1399 15.
451 1375 520 1408 (100
538 1364 606 1399 tibi
626 1365 703 1399 uita
721 1364 825 1407 (est)‘?

115 1412 157 1444 A.
190 1410 270 1444 308.
319 1411 459 1445 uincere
495 1411 557 1455 qui
594 1410 726 1455 poterit
762 1412 825 1443 aut

116 1456 239 1496 latere,
264 1466 396 1500 magna
420 1461 563 1500 tropaea
588 1460 701 1499 (suut)
727 1455 767 1490 11
791 1456 824 1496 9,

116 1501 148 1535 2.
189 1501 258 1542 dic,
290 1502 437 1536 ubinam
470 1503 580 1536 frater
614 1503 690 1546 (sit)
726 1501 744 1535 I
769 1502 824 1542 26,

114 1547 170 1580 30.
195 1557 262 1591 pax
296 1548 396 1582 uobis
428 1548 527 1591 (esto)
567 1548 610 1581 A.
642 1547 721 1585 554.
746 1546 824 1582 560.

117 1593 201 1626 huic
232 1603 315 1637 ergo
348 1593 483 1638 placuit
514 1593 687 1628 carnalem
727 1594 823 1635 (esse)
852 1587 855 1596 ’

116 1637 239 1672 mundi
264 1644 424 1673 tenorem
449 1639 492 1672 A.
520 1638 596 1673 129.
638 1650 707 1683 (100
732 1645 823 1673 tem-

116 1694 197 1727 pore
221 1694 283 1718 nos
309 1685 402 1728 ipsos
427 1695 527 1728 spero
554 1685 658 1728 (fore)
690 1685 762 1718 iam
787 1684 824 1718 in

115 1730 237 1764 littore
261 1734 382 1774 portus
406 1731 448 1764 A.
475 1731 553 1765 792.
584 1750 631 1755 -
663 1730 719 1765 ell.
754 1730 824 1764 ali-

116 1785 219 1809 orum
254 1776 462 1810 uerborum:
502 1777 639 1821 gratias
672 1776 824 1810 Domino

119 1823 213 1865 (ayo)
254 1821 297 1854 A.
339 1823 371 1856 9.
427 1821 484 1856 die
520 1822 699 1856 dominica
738 1820 825 1865 quid

118 1866 282 1910 (facies)‘?
306 1867 345 1902 ΙΙ
369 1868 424 1909 20,
451 1867 508 1903 21.
536 1867 719 1911 pauperies
737 1877 825 1901 sana

115 1911 200 1964 quid
226 1913 384 1957 (faciem
409 1913 447 1948 11
471 1914 573 1965 31,-1

70 2002 260 2038 emundare
273 2019 315 2034 =
325 1958 693 2048 emendassgeffffdlqlueis’
700 1958 823 2038 effnun-

925 364 1176 406 usurpantur:
1205 362 1234 396 1.
1259 362 1365 406 quia
1388 372 1416 396 c.
1435 363 1635 398 coniunct.:

928 407 1247 451 praedixerat.
1275 434 1282 441 .
1307 407 1390 451 quia
1415 408 1457 442 de
1481 408 1633 442 tumulis

930 455 1126 496 resurgeret
1151 452 1193 486 A.
1210 452 1278 487 449
1303 463 1378 497 sqq.
1403 473 1449 480 -
1462 453 1494 487 2.
1513 454 1635 498 quod

927 498 961 541 a)
984 508 1014 532 c.
1038 497 1135 532 inda
1175 497 1323 539 crede,
1349 498 1440 542 quod
1467 498 1635 534 Christus

930 568 970 575 ..
997 542 1116 578 reddit
1140 543 1158 578 I
1183 543 1238 585 27,
1264 544 1321 579 21.
1362 543 1538 578 credere
1564 569 1574 578 .
1597 569 1608 577 .
1627 571 1638 587 ‚

927 588 1020 633 quod
1050 589 1170 623 ueniet
1199 591 1337 634 tempus
1371 589 1413 623 A.
1441 590 1517 623 142.
1566 601 1634 624 ne-

928 635 1098 675 sciunt,
1135 634 1228 678 quod
1255 661 1262 668 .
1290 661 1298 670 .
1323 634 1485 669 ridentur
1509 636 1552 669 A.
1576 636 1633 670 56.

929 679 1055 714 deinde
1073 680 1261 724 prophetas
1280 705 1287 712 .
1308 707 1316 714 .
1343 679 1494 715 dicere
1518 681 1635 723 iussit,

928 725 1022 769 quod
1046 726 1140 760 Deus
1166 726 1201 759 in
1220 725 1398 760 hominem
1417 725 1637 770 depretiatur

929 776 970 804 A.
996 771 1061 805 195
1085 781 1137 815 sq.
1177 774 1253 805 erat
1277 772 1516 815 scriptum,
1543 772 1636 816 quod

927 816 1004 851 auis
1036 827 1101 851 sua
1130 820 1288 861 tempora
1322 821 1454 851 norunt
1489 817 1531 852 A.
1556 817 1637 853 255.

928 873 991 896 nec
1027 862 1118 896 illud
1155 862 1432 906 respiciunt,
1470 862 1563 907 quod
1589 887 1598 895 .
1625 890 1633 897 .

928 909 1134 942 cruciarunt
1150 908 1194 941 A.
1211 908 1279 944 543
1296 919 1346 952 sq.
1359 927 1403 934 —
1420 908 1454 952 b)
1472 919 1500 944 c.
1519 909 1611 943 coni.
1626 921 1633 940 :

928 953 1154 1033 effigie?
1164 954 1334 1034 {itibms
1362 955 1462 1033 ‘³333
1489 955 1633 1044 &3⁵

927 1048 1026 1079 entes
1044 1044 1295 1088 prophetarum
1311 1044 1436 1079 dicta
1452 1071 1460 1080 .
1482 1071 1490 1078 .
1509 1072 1516 1088 ‚
1542 1046 1635 1089 quod

929 1091 1068 1124 ueniret
1093 1091 1133 1124 A.
1160 1091 1227 1124 239
1252 1101 1303 1134 sq.
1334 1101 1398 1125 nec
1423 1091 1549 1124 uolunt
1573 1102 1636 1124 au-

928 1136 1015 1177 dire,
1051 1146 1140 1180 quae
1177 1136 1391 1170 dixerunt
1429 1139 1531 1170 uates
1558 1161 1566 1168 .
1591 1161 1598 1169 .
1626 1162 1634 1176 ,

929 1181 1021 1226 quod
1045 1192 1118 1215 non
1143 1181 1392 1225 intellegerent
1427 1182 1467 1215 A.
1492 1181 1558 1216 397
1585 1192 1636 1225 sq.

929 1227 1106 1268 audite,
1144 1227 1239 1270 quod
1263 1228 1337 1271 ipse
1361 1228 1565 1261 nutriretur
1591 1229 1634 1262 A.

929 1273 1007 1308 409.
1047 1273 1220 1314 uidete,
1246 1272 1338 1316 quod
1365 1276 1489 1316 gentes
1515 1298 1523 1305 .
1545 1296 1552 1304 .
1577 1274 1633 1307 fu·

930 1319 1024 1352 erint
1042 1319 1083 1352 A.
1100 1318 1179 1353 434.
1205 1337 1250 1343 —
1266 1319 1298 1352 3.
1318 1319 1526 1362 quoniam
1553 1321 1586 1357 α)
1608 1331 1636 1352 c.

930 1363 1026 1398 inda
1064 1363 1270 1409 aspicite,
1307 1365 1477 1408 quoniam
1515 1363 1633 1398 breuis

930 1412 984 1444 est
1008 1410 1111 1444 nobis
1137 1410 1272 1444 credita
1297 1411 1374 1444 uita
1405 1409 1446 1443 A.
1471 1410 1528 1444 31.
1575 1420 1636 1444 re-

931 1468 946 1489 s
957 1457 1043 1499 11101
1054 1459 1112 1496 te,
1127 1455 1296 1499 quoniam
1310 1466 1379 1489 non
1393 1456 1475 1490 illos
1490 1456 1636 1489 numina

931 1504 1065 1545 coguut
1096 1500 1193 1540 117,
1220 1500 1273 1534 10.
1321 1511 1360 1535 ex
1391 1511 1431 1535 eo
1465 1500 1637 1541 uidete,

930 1547 1098 1591 quoniam
1124 1550 1208 1580 suut
1231 1547 1349 1580 omnia
1375 1546 1458 1580 ficta
1474 1546 1492 1581 I
1513 1546 1564 1587 17,
1584 1547 1638 1581 13.

931 1596 972 1626 ut
997 1593 1226 1626 credamus
1244 1593 1285 1633 ei,
1304 1594 1470 1636 quoniam
1490 1592 1540 1626 ibi
1560 1603 1639 1635 poe·

930 1649 995 1672 nae
1031 1641 1189 1682 aguntur
1230 1637 1246 1672 I
1288 1637 1343 1678 24,
1383 1638 1436 1672 16.
1483 1638 1639 1672 audite

931 1685 1096 1728 quoniam
1115 1708 1124 1716 .
1142 1707 1151 1716 .
1169 1682 1341 1727 praedixit
1355 1683 1371 1717 1
1385 1684 1440 1724 41,
1453 1683 1486 1717 3.
1517 1686 1639 1726 puta-

929 1731 1010 1772 tis,
1041 1729 1207 1774 quoniam
1233 1754 1243 1761 .
1267 1753 1277 1761 .
1301 1734 1487 1763 morantur
1519 1728 1559 1763 II
1587 1729 1639 1769 14,

929 1778 962 1810 8.
1003 1774 1247 1820 polliceor,
1280 1775 1447 1818 quoniam
1473 1798 1482 1807 .
1507 1799 1516 1807 .
1542 1774 1639 1809 uiuis

931 1821 969 1856 11
993 1821 1049 1864 31,
1073 1822 1106 1855 4.
1143 1820 1174 1864 b)
1201 1831 1229 1854 c.
1255 1820 1369 1855 conia
1403 1820 1637 1864 respicite,

931 1868 1099 1911 quoniam
1141 1867 1428 1909 memorentur(?)
1466 1867 1537 1900 ista
1572 1876 1638 1910 pro

932 1913 1032 1947 uobis
1057 1912 1096 1947 Π
1120 1912 1176 1952 34,
1194 1911 1226 1945 4.
1252 1915 1566 1956 susurrantque
1591 1912 1638 1946 si-

930 1958 1044 2038 1110153
1047 1958 1221 2038 &uoniam
1254 1957 1329 1991 siut
1353 1957 1477 1992 fraude
1503 1957 1637 2001 decepti

117 2048 251 2083 dfflldOS
284 2060 386 2094 338Ρο
410 2051 506 2084 Deus
539 2050 639 2084 fflissit
663 2050 824 2084 alumnos
852 2065 855 2091 1
885 2072 923 2094 eo
947 2060 1161 2094 abundans:
1202 2059 1282 2094 inde
1314 2061 1405 2093 forte
1439 2060 1566 2103 placet,
1599 2070 1637 2093 eo

117 2096 162 2130 A.
188 2095 254 2129 215

70 2140 190 2174 enasci
205 2152 212 2172 τ
237 2142 322 2174 sunt
340 2142 460 2174 autem
474 2139 516 2174 de
534 2140 660 2175 scelere
675 2139 824 2175 duorum
851 2141 854 2189 ἶ,

117 2185 268 2220 fratrum
293 2188 417 2220 enatae
442 2185 481 2221 ΙΙ
508 2187 537 2226 1,
566 2186 607 2221 17

74 2231 168 2265 enim
194 2246 238 2262 =
262 2233 437 2276 profecto,
469 2242 569 2273 sane,
602 2235 697 2266 certe
728 2231 767 2266 ΙΙ
791 2231 824 2273 5,

119 2277 152 2311 4.
180 2278 212 2317 8,
239 2279 271 2311 ὃ.
299 2278 352 2320 19,
376 2278 408 2311 4.
434 2279 476 2310 Α.
501 2278 579 2312 820.
605 2277 673 2312 980

73 2323 295 2366 enplastrum
322 2324 365 2357 A.
389 2323 456 2357 235

71 2369 257 2403 enuntiare
290 2383 332 2399 =
354 2369 479 2413 palam
511 2368 643 2406 dicere,
673 2367 853 2412 praedi-.

118 2424 221 2448 care:
247 2425 348 2459 quem
368 2415 506 2459 Moyses
524 2416 691 2448 enuntiat
708 2414 823 2457 ipsum
884 2436 1024 2470 eradere
1049 2449 1094 2465 =
1118 2436 1325 2469 interimere
1351 2435 1367 2468 Ι
1393 2435 1448 2474 41,
1479 2435 1520 2468 13

852 2486 854 2530 ᾖ
884 2491 1022 2516 eramen
1048 2480 1065 2514 1
1090 2481 1146 2522 20,
1163 2482 1194 2515 6.
1213 2480 1252 2515 11
1269 2481 1300 2520 9,
1321 2481 1382 2521 19;
1408 2481 1454 2522 cs.
1475 2489 1637 2513 aeramen

73 2551 310 2586 enuntiatum
346 2552 539 2585 relatiuam
566 2561 636 2595 pro
668 2549 826 2585 condici-
852 2551 855 2583 1
885 2541 1021 2573 effetus
1046 2552 1091 2567 =
1116 2537 1232 2579 fem-²³⁷
1259 2541 1475 2572 ⁶0²²2¹⁴²'¹“·²³³
1514 2536 1551 2570 5¹¹
1577 2535 1641 2569 ma

119 2596 235 2631 onali:
286 2597 424 2631 uincere
472 2598 533 2640 qui
584 2596 715 2639 poterit
762 2600 826 2629 aut

119 2642 239 2683 latere,
258 2653 388 2686 magna
406 2646 548 2686 tropaea
562 2641 645 2683 119,
661 2641 693 2675 2.
720 2642 825 2675 amit·
854 2650 855 2666 ³

118 2460 160 2493 A.
177 2460 232 2494 48.
259 2465 300 2494 ut
315 2461 520 2494 enuntietur
540 2460 723 2494 crucifixus
743 2469 823 2494 con—

118 2505 213 2539 ditor
237 2507 333 2539 orbis
359 2507 401 2538 A.
427 2507 495 2540 358

118 2686 166 2720 tit
190 2689 226 2721 et
251 2689 404 2731 patriam
429 2692 465 2721 et
491 2698 619 2731 regem,
647 2687 701 2721 cui
721 2686 827 2731 digne

931 2110 1022 2150 quod
1059 2107 1141 2139 bene
1173 2107 1294 2139 fistula
1326 2112 1450 2139 cantat
1484 2106 1497 2139 1
1530 2107 1579 2146 14,
1605 2105 1638 2138 2.

931 2162 971 2185 ex
994 2162 1033 2185 eo
1058 2162 1126 2195 quo
1153 2152 1253 2185 uenit
1277 2152 1319 2185 A.
1345 2151 1412 2184 242

884 2197 1005 2241 epulas
1030 2207 1151 2241 capere
1175 2196 1213 2230 ΙΙ
1240 2197 1295 2236 29,
1323 2196 1362 2229 17

852 2286 853 2304 ἢ
884 2263 972 2298 equa
998 2254 1136 2297 (utilior
1160 2263 1267 2297 equo,
1293 2252 1340 2295 cs.
1368 2253 1501 2286 Horat.
1527 2263 1635 2286 carm.

930 2299 977 2334 11
991 2301 1047 2339 16,
1065 2301 1139 2340 35):
1157 2303 1193 2332 et
1207 2303 1326 2332 tamen
1342 2300 1456 2332 inuita
1471 2299 1639 2331 domatur

930 2345 1033 2425 flmlis
1053 2354 1148 2424 {tgna
1167 2344 1182 2377 I
1202 2344 1256 2384 34,
1275 2345 1306 2378 3.
1331 2363 1377 2370 ——
1394 2344 1474 2388 equi
1492 2343 1635 2377 obsceni

932 2583 1033 2628 (lege)
1060 2594 1157 2627 spem
1184 2583 1314 2627 posuit,
1340 2592 1446 2626 quam
1472 2592 1534 2616 uos
1559 2583 1641 2615 sub-

931 2628 1092 2662 sannatis
1125 2629 1230 2662 erecti
1266 2627 1284 2662 1
1315 2627 1370 2667 38,
1396 2628 1428 2662 6.
1478 2626 1637 2671 lapidant

933 2673 1150 2709 Hieremiam
1178 2674 1285 2708 erecti
1312 2674 1354 2707 A.
1379 2674 1445 2706 221

119 2736 295 2776 prouenit,
335 2744 492 2778 pugnare
526 2744 586 2776 pro
619 2733 735 2776 patria
766 2732 827 2775 qui
856 2762 857 2778 3
888 2731 1022 2775 erigere
1040 2731 1263 2773 0001110111(Ῥ)
1282 2730 1326 2764 ad
1343 2730 1498 2764 1111100111
1517 2727 1559 2763 A.
1573 2729 1638 2762 637

122 2778 240 2813 noluit
265 2778 301 2812 11
327 2780 359 2819 9,
384 2780 406 2813 4
432 2790 501 2823 sq.;
526 2778 573 2820 cs.
598 2782 781 2812 comment.

73 2825 267 2858 enuntiata
291 2825 503 2865 transitiua,
528 2826 568 2858 in
592 2824 722 2867 quibus
746 2834 828 2857 con-
858 2866 859 2870 Ἰ

120 2870 326 2904 mactiones
351 2870 517 2905 causales
534 2881 603 2913 pro
622 2880 694 2903 acc.
713 2880 741 2904 c.
761 2869 827 2910 inf.
858 2880 861 2909 2

856 2787 859 2819 }
887 2787 1029 2821 erogare
1062 2790 1104 2806 =
1141 2776 1349 2818 uindicare,
1414 2776 1638 2817 cuouere('?):

935 2825 1100 2866 erogatus
1139 2822 1232 2856 enim
1259 2822 1409 2856 Christo
1442 2824 1481 2854 tu
1515 2824 1638 2854 cunct-1

936 2868 1094 2911 relinque
1120 2867 1157 2902 11
1177 2868 1209 2908 5,
1227 2867 1259 2901 4.
1277 2887 1321 2892 -
1345 2881 1390 2896 =
1406 2866 1612 2900 distribue-rr
1636 2877 1639 2893 z

1444 2933 1506 2967 14*
