1934 3278
409 263 462 297 De
489 273 559 298 non
584 262 757 308 parcendo
783 263 820 297 in
845 262 947 298 deum
975 261 1268 308 delinquentibus.
1511 265 1595 307 263

91 403 238 432 uerum
268 391 422 432 habere
454 389 609 438 filium,
643 388 748 430 dicis
779 388 900 430 illum
933 401 1024 430 esse
1057 388 1322 442 adoptiuum,
1361 390 1402 430 et
1432 389 1595 431 iudicas

91 461 133 501 te
163 471 242 500 non
273 458 557 507 inteHectum,
605 457 716 511 quod
748 457 857 499 enim
889 470 995 499 unus
1027 457 1084 499 sis
1117 470 1165 499 ex
1200 457 1284 499 illis
1324 458 1594 508 antichristis,

92 540 161 569 ore
198 527 503 580 pronuntiantis
549 526 758 568 Iohannis.
817 526 1031 567 reuelatus
1069 539 1114 568 es
1154 526 1324 580 inquam
1363 526 1405 567 te
1449 527 1592 580 spiritu

92 595 269 637 aduerso
309 595 417 637 duci.
470 596 566 638 inde
608 596 673 637 est
711 595 889 648 denique
929 595 1040 648 quod
1076 607 1151 637 nec
1184 594 1488 637 crediderimus
1519 597 1595 638 tibi

53 674 72 699 ⁵
92 663 245 706 dicenti
279 663 330 706 de
360 664 470 706 filio:
501 665 642 718 factus
672 667 731 705 est
762 677 812 705 ex
833 663 984 705 nihilo.
1017 663 1291 717 cognouimus
1316 663 1469 705 etenim
1491 664 1594 705 haec

90 746 167 776 non
199 733 384 787 potuisse
419 733 560 775 dicere
591 733 670 774 nisi
702 732 1093 786 pseudoprophetae
1125 731 1331 785 spiritum,
1373 731 1452 773 nisi
1486 733 1596 773 anti-

88 802 232 844 christi
263 814 591 855 praecursorem,
626 801 703 843 nisi
736 801 962 842 satellitem
996 801 1121 854 atque
1143 800 1398 853 mancipium
1421 800 1595 842 daemo-

89 883 200 912 num.
253 883 332 912 non
362 871 438 913 tibi
470 872 573 912 haec
607 870 764 912 dicenti
796 870 1008 923 potuimus
1039 869 1292 918 credidisse,
1331 868 1596 922 quandoqui-

91 939 186 981 dem
218 939 388 992 spiritus
419 939 590 981 sanctus
624 940 666 980 et
696 951 769 992 per
800 938 1024 992 prophetas
1056 938 1182 979 fuerit
1210 937 1377 979 locutus
1401 937 1451 979 de
1474 938 1595 979 unico

38 1020 72 1047 10
91 1008 156 1050 dei
188 1008 273 1049 filio
304 1007 423 1049 illum
456 1020 548 1050 esse
580 1021 728 1049 uerum
759 1007 893 1048 filium
927 1007 1006 1062 dei,
1040 1006 1159 1048 illum
1192 1006 1408 1047 aeternum
1441 1019 1531 1048 esse
1556 1007 1597 1047 et

89 1078 357 1119 coaeternum
387 1077 518 1130 patri,
567 1089 793 1130 numquam
832 1088 966 1128 neque
1005 1074 1138 1116 filium
1178 1074 1266 1116 sine
1296 1075 1416 1127 patre
1462 1087 1596 1128 neque

87 1147 248 1200 patrem
280 1146 408 1188 fuisse
441 1146 514 1187 aut
545 1158 637 1187 esse
655 1145 757 1187 sine
788 1144 875 1186 filio
909 1144 951 1185 et
979 1144 1095 1186 beati
1118 1144 1220 1185 haec
1245 1142 1394 1184 eadem
1417 1143 1593 1196 apostoli

87 1214 325 1264 retulerint,
373 1214 581 1267 siquidem
620 1214 789 1255 sanctus
821 1213 990 1266 spiritus
1022 1212 1251 1266 paraclitus
1291 1213 1361 1265 qui
1401 1212 1595 1254 fueritin

87 1284 299 1337 prophetis
332 1283 458 1324 etiam
490 1283 531 1324 in
564 1282 765 1336 apostolis
796 1281 1019 1331 manserit,
1061 1281 1131 1334 qui
1164 1281 1334 1322 sanctus
1364 1282 1595 1335 paraclitus

38 1362 70 1389 1⁵
89 1352 278 1405 spiritus,
326 1352 424 1405 quia
453 1352 494 1393 in
527 1352 594 1393 dei
627 1352 681 1393 sit
714 1351 895 1392 ecclesia
927 1351 969 1392 et
999 1362 1074 1392 uos
1106 1350 1197 1391 sitis
1229 1351 1447 1392 constituti
1481 1352 1597 1392 extra

89 1420 311 1462 ecclesiam
344 1420 432 1469 dei,
480 1433 575 1462 cum
607 1433 685 1462 non
717 1432 890 1461 manens
922 1419 977 1461 sit
1008 1419 1048 1460 in
1081 1419 1224 1469 uobis,
1267 1419 1411 1472 utique
1442 1420 1595 1473 proba-

87 1489 186 1530 mini
220 1489 453 1530 antichristi
484 1502 560 1531 uos
591 1489 746 1531 habere
779 1488 992 1541 spiritum;
1041 1487 1112 1541 qui
1150 1487 1374 1529 inmundus
1412 1488 1595 1542 spiritus,

88 1572 137 1600 ne
169 1559 271 1599 haec
308 1570 414 1611 quae
447 1558 674 1611 ingerimus
696 1557 891 1607 uideatis,
924 1556 1053 1598 corda
1073 1556 1289 1598 haeretica
1310 1556 1454 1598 uestra
1473 1556 1595 1598 tene-

87 1628 172 1670 bris
205 1627 378 1670 offundit
410 1638 597 1668 errorum
629 1625 808 1679 caligine
841 1637 981 1676 caeca,
1015 1638 1065 1666 ne
1098 1625 1261 1667 scilicet
1293 1637 1340 1666 ex
1374 1625 1463 1666 eius
1494 1637 1595 1678 pos-

36 1703 69 1732 80
88 1696 189 1738 setis
222 1708 434 1749 emergere
465 1694 641 1748 laqueis.
692 1693 856 1735 iudicas
888 1706 963 1735 nos
997 1706 1088 1735 esse
1120 1693 1458 1744 contumeliosos,
1498 1694 1596 1747 quia

86 1767 127 1807 te
161 1765 326 1819 qualem
366 1777 456 1806 esse
498 1763 691 1805 uidemus
730 1762 1058 1816 pronuntiemus.
1113 1775 1211 1804 ecce
1253 1762 1381 1803 etiam
1419 1775 1517 1805 cum
1556 1763 1596 1804 in

88 1833 317 1887 Euangelio
338 1834 435 1874 cata
460 1833 725 1874 Matthaeum
758 1831 911 1873 dixisse
947 1831 1160 1873 dominum
1191 1830 1379 1872 inuenio:
1412 1845 1497 1874 ecce
1527 1845 1597 1886 eqo

88 1903 204 1944 mitto
241 1916 338 1952 uos,
382 1903 491 1944 sicut
520 1915 615 1944 oues
646 1902 759 1943 inter
790 1901 926 1954 lupos,
954 1902 1002 1942 tu
1034 1900 1134 1943 mihi
1168 1913 1258 1942 esse
1292 1913 1398 1942 unus
1430 1912 1478 1942 ex
1511 1900 1596 1942 illis

86 1971 195 2024 lupis
226 1970 383 2013 uideris
417 1971 458 2012 et
489 1970 660 2024 quidem
692 1970 875 2011 omnium
904 1969 1099 2022 luporum
1131 1969 1278 2011 contra
1315 1968 1383 2010 dei
1421 1981 1595 2022 gregem

37 2040 340 2094 &rugientium
371 2040 531 2081 rabiem
562 2039 602 2080 in
636 2051 760 2092 quem
791 2038 959 2080 uideam
997 2038 1253 2091 congestam.
1308 2038 1400 2090 quis
1441 2037 1594 2080 etenim

89 2108 155 2149 dei
187 2108 297 2149 unici
329 2107 404 2149 filii
436 2108 609 2161 negator
642 2120 721 2149 non
751 2107 958 2160 gaudeat,
1005 2119 1083 2148 non
1115 2119 1214 2159 prae
1247 2118 1290 2147 se
1323 2106 1451 2156 ferat,
1499 2119 1595 2148 cum

87 2178 232 2219 uideat
263 2177 321 2219 sic
354 2177 396 2218 te
430 2176 586 2218 Christi
628 2175 926 2229 depopulatum
964 2180 1165 2229 gregem?
1217 2188 1265 2217 ex
1303 2175 1387 2217 illis
1428 2187 1594 2229 quoque

88 2259 212 2287 unum
244 2246 287 2286 te
321 2244 478 2298 accipio
510 2244 757 2295 incredulis,
800 2257 848 2285 ex
878 2243 963 2286 illis
993 2243 1164 2297 perfidis
1197 2244 1250 2285 ad
1282 2256 1385 2297 quos
1418 2243 1593 2285 dicitur:

80 2315 301 2369 proyem'es
332 2314 596 2367 vesperarum,
633 2313 832 2366 quomodo
855 2314 1034 2365 potestis
1064 2327 1171 2366 quae
1202 2313 1306 2354 bona
1336 2318 1435 2354 sunt
1466 2311 1594 2365 loqui,

37 2391 182 2425 ”cum
211 2383 307 2425 sitis
338 2382 475 2424 mali?
506 2396 610 2424 nam
641 2396 691 2423 ex
722 2382 962 2424 abundanti
993 2382 1114 2423 corde
1145 2382 1435 2434 unusquisque
1457 2379 1593 2433 loqui·

0 2446 1 2451 ¹
89 2454 159 2492 tur
188 2452 237 2494 de
267 2465 336 2493 ore
366 2464 452 2492 suo.
505 2450 638 2492 bonus
677 2450 796 2492 homo
833 2450 883 2492 de
921 2450 1022 2491 bono
1058 2450 1253 2491 thesauro
1285 2449 1438 2491 emittit
1469 2448 1593 2498 bona,

88 2523 124 2561 et
153 2521 293 2562 malus
323 2519 443 2560 homo
474 2519 523 2560 de
552 2519 665 2561 malo
695 2519 892 2560 thesauro
920 2519 1084 2571 profert
1116 2518 1247 2560 mala.
1291 2517 1323 2558 si
1349 2517 1457 2558 bona
1483 2517 1591 2566 sunt,

223 2678 267 2711 22
293 2678 421 2713 Matth.
451 2679 502 2715 10,
532 2679 572 2713 16
666 2678 710 2712 29
738 2677 784 2712 ib.
812 2677 864 2713 1‘2.
892 2677 946 2711 34.
973 2677 1016 2710 35

157 2813 178 2848 2
202 2815 239 2848 te
263 2815 356 2850 coni.
384 2815 577 2857 Latinius,
612 2825 654 2848 ne
686 2815 735 2848 Vc
876 2813 897 2846 3
930 2812 1162 2857 pronuntiatis
1196 2812 1289 2846 coni.
1317 2812 1499 2846 Latinius

89 2873 111 2907 6
136 2883 235 2916 posse
264 2884 280 2904 ι·
378 2873 417 2907 19
443 2871 578 2906 offundi
601 2875 769 2906 terrorum
799 2884 815 2905 1·
914 2870 954 2904 19
979 2869 1120 2913 possitis
1145 2870 1249 2924 fort.-
1329 2869 1373 2903 22
1399 2868 1593 2905 mattheum
