1934 3278
1551 276 1618 305 111

121 402 162 431 se
193 391 361 444 quisque
399 389 509 431 idem
548 388 735 431 inuenire
774 389 958 443 potuisse
997 387 1228 430 crediderit.
1280 388 1378 430 Eius
1408 388 1513 443 legis
1543 401 1618 430 au-

121 458 219 501 xilio
249 458 396 501 multis
427 457 622 500 carminis
664 457 763 499 locis
800 458 1020 499 uerborum
1059 445 1271 499 distinctio
1312 457 1459 498 melius
1496 468 1619 510 quam

121 530 241 569 antea
272 526 438 569 institui
469 527 617 580 potuit.

179 594 368 637 Ceterum
399 608 480 638 uno
511 595 611 647 loco,
643 609 681 639 u.
703 595 789 639 565
813 593 931 650 (561)
955 606 1060 647 sqq.‚
1092 594 1180 647 ipse
1211 593 1448 638 Guilelmus
1480 595 1620 648 Meyer

123 663 464 707 Commodianum
495 665 630 718 legem
662 664 779 706 illam
811 664 1037 717 neglexisse
1069 661 1276 711 concedit;
1309 662 1380 704 sed
1402 661 1495 704 aliis
1518 674 1618 716 quo-

123 745 200 786 que
243 733 344 775 locis
387 732 497 774 idem
538 733 704 775 uidetur
744 732 951 781 euenisse,
998 731 1113 773 uelut
1145 744 1182 773 u.
1215 731 1268 773 15
1298 743 1386 785 sqq.
1420 731 1501 773 143
1531 743 1620 786 sqq.

121 801 202 845 341
227 814 312 856 sqq.
347 801 427 843 621
450 814 539 856 sqq.
571 802 652 843 657
675 814 763 855 sqq.
795 801 877 844 913
899 813 986 854 sqq.
1018 799 1103 842 930
1126 812 1212 853 sqq.

178 870 294 912 Idem
333 871 398 912 uir
440 870 728 919 doctissimus,
775 872 993 923 postquam
1031 868 1229 910 lectiones
1266 869 1621 911 Mediomontanas

123 952 217 982 cum
247 950 292 981 eo
324 938 649 989 communicaui‚
682 938 937 980 cumulatam
968 936 1070 977 mihi
1103 937 1266 978 rettulit
1297 938 1497 991 gratiam,
1529 950 1622 980 cum

122 1009 284 1062 praeter
307 1020 387 1058 eas,
409 1019 511 1061 quas
535 1008 575 1049 in
597 1007 940 1049 commentatione
962 1006 1036 1047 illa
1056 1005 1284 1060 proposuit,
1315 1006 1622 1048 emendationes

123 1076 225 1118 alias
257 1089 416 1130 quoque
448 1089 527 1118 non
558 1089 708 1130 paucas
740 1088 812 1128 per
842 1075 1008 1116 litteras
1042 1074 1145 1116 mihi
1177 1075 1474 1128 suppeditauit.

179 1283 319 1324 Pauca
349 1282 398 1322 de
430 1283 570 1322 nostra
601 1281 888 1333 qualicumque
918 1292 1041 1334 opera
1078 1279 1265 1322 addenda
1298 1282 1407 1325 sunt.
1457 1281 1620 1323 Inuitus

125 1363 210 1393 rem
241 1349 534 1392 difficillimam
564 1350 783 1403 adgressus
815 1361 927 1399 sum,
967 1350 1212 1391 cunctanter
1244 1351 1387 1392 cedens
1419 1349 1622 1402 benignae

124 1419 349 1460 amicorum
380 1417 671 1467 adhortationi,
703 1418 773 1470 qui
805 1417 913 1459 iusto
944 1417 1092 1459 melius
1124 1418 1172 1459 de
1203 1417 1363 1460 uiribus
1387 1418 1490 1460 meis
1513 1419 1622 1460 iudi-

125 1488 286 1529 cabant.
333 1487 382 1528 In
405 1486 490 1540 ipso
513 1488 652 1527 autem
673 1498 792 1540 opere
814 1487 1043 1528 identidem
1074 1487 1299 1539 inopinatis
1331 1487 1620 1541 interpellatus

125 1555 432 1610 impedimentis
464 1567 569 1603 sum,
601 1558 642 1596 et
673 1567 763 1596 cum
798 1555 963 1596 tandem
995 1556 1105 1609 typis
1137 1555 1311 1598 exscribi
1344 1555 1511 1597 libellus
1542 1556 1623 1598 iam

126 1627 295 1676 coeptus
337 1624 462 1674 esset,
510 1635 614 1665 nouo
655 1627 777 1676 atque
818 1624 1021 1666 laborioso
1063 1627 1228 1678 repente
1259 1638 1428 1667 munere
1458 1625 1623 1679 publico

127 1692 228 1733 mihi
260 1691 442 1733 iniuncto
474 1691 648 1745 negotiis
681 1693 851 1733 insuetis
882 1693 980 1734 adeo
1012 1693 1250 1744 distinebar,
1282 1695 1328 1735 ut
1358 1693 1400 1735 in
1433 1693 1623 1735 Commo-

126 1761 295 1802 dianum
327 1772 407 1800 non
439 1761 602 1800 tantum
635 1762 834 1813 quantum
866 1761 1102 1814 requirebat
1133 1774 1250 1804 curae
1283 1761 1503 1815 inpendere
1534 1773 1625 1815 pos-

126 1842 210 1871 sem
235 1833 277 1870 et
297 1831 503 1882 postremo
527 1830 691 1871 differre
713 1830 938 1871 editionem
960 1842 1134 1885 cogerer.
1157 1830 1278 1872 Nunc
1299 1843 1394 1872 uero
1416 1831 1624 1872 mensibus

126 1899 284 1952 aliquot
323 1899 549 1941 interiectis
592 1900 677 1952 ipse
717 1899 765 1940 de
806 1899 1016 1941 nonnullis
1054 1900 1136 1941 alia
1166 1900 1289 1952 atque
1321 1900 1443 1941 antea
1473 1899 1626 1942 sentire

128 1967 240 2021 coepi
271 1970 311 2009 et
342 1969 605 2010 retractanda
635 1969 834 2020 quaedam
867 1979 1024 2009 censeo.

186 2037 206 2077 I
237 2036 276 2086 6,
308 2037 347 2079 4.
381 2036 553 2090 Scripsi:
598 2036 767 2078 Versari
800 2039 1012 2078 maturum
1047 2037 1145 2092 <in>
1180 2037 1374 2089 infantia
1403 2050 1486 2078 non
1506 2039 1621 2091 capit

128 2119 292 2146 acuum.
360 2106 614 2158 Praepositio
656 2106 703 2146 in
744 2118 992 2159 quamquam
1042 2110 1135 2159 post
1175 2109 1406 2149 maturam
1447 2110 1489 2150 et
1529 2112 1624 2149 ante

128 2173 335 2225 ‘musantia
368 2174 566 2215 facillime
596 2174 733 2226 potuit
765 2176 971 2220 excidere.
1013 2178 1173 2224 tamen,
1217 2176 1412 2229 quoniam
1448 2176 1624 2218 ablatiui

129 2242 216 2283 sine
247 2243 548 2295 praepositione
580 2257 676 2285 usus
707 2245 814 2297 apud
847 2243 1186 2286 Commodianum
1220 2245 1301 2287 late
1333 2246 1450 2298 patet
1468 2243 1536 2298 ³¹),
1576 2257 1627 2286 ne

131 2310 207 2352 hoc
237 2311 401 2364 quidem
433 2311 520 2353 loco
552 2312 630 2353 fuit
662 2312 969 2365 interponenda.

186 2380 206 2421 I
238 2379 305 2431 26,
343 2381 404 2421 17.
448 2380 687 2422 Claudicare
730 2381 977 2423 sententiam
1020 2382 1102 2423 iam
1134 2383 1204 2424 diu
1238 2383 1523 2423 intellexeram
1556 2382 1625 2434 (cf.

132 2447 510 2502 Sitzungsberichte
543 2448 652 2491 CVII
685 2464 721 2503 p.
755 2449 871 2499 756);
920 2462 1028 2491 nunc
1070 2451 1253 2504 paenitet
1295 2463 1358 2492 me
1402 2463 1480 2492 non
1513 2462 1623 2491 rece-

133 2517 260 2569 pisse,
291 2519 396 2570 quod
428 2518 524 2559 olim
559 2519 598 2559 in
632 2522 811 2559 mentem
843 2523 1024 2567 uenerat,
1056 2519 1174 2559 ¹unda
1206 2532 1276 2572 pro
1308 2519 1410 2560 uita.
1464 2518 1623 2572 Conpa-

135 2586 248 2626 ratur
289 2586 394 2627 enim
439 2586 594 2628 incerta
635 2587 743 2627 uitae
780 2587 985 2629 humanae
1018 2587 1201 2628 condicio
1233 2600 1324 2628 cum
1358 2589 1623 2639 nauigatione

137 2654 409 2707 periculorum
450 2655 581 2707 plena.
642 2657 700 2697 De
733 2656 936 2697 adiectiuo
969 2657 1104 2695 nitrea
1136 2668 1227 2697 cum
1261 2656 1378 2696 unda
1410 2657 1626 2698 coniuncto

136 2723 185 2764 cf.
218 2723 340 2776 Verg.
374 2725 476 2765 Aen.
513 2723 588 2764 VII
622 2724 715 2767 759.

198 2858 237 2899 ³¹)
261 2859 312 2893 Cf.
340 2857 444 2892 indic.
470 2858 653 2893 uerborum
681 2862 715 2893 ct
741 2860 971 2894 locutionum.
