1934 3278
568 212 622 246 De
648 214 769 246 sancto
796 212 991 246 Athanasio
1018 212 1107 247 liber
1131 212 1173 247 11.
1551 215 1630 256 155

123 353 322 393 rapaces,·
361 352 411 380 ex
439 339 648 392 fructibus
686 353 829 380 eorum
870 340 1119 392 coynoscetis
1159 353 1237 381 eos.
1300 339 1502 393 numquid
1549 353 1626 381 non

119 408 314 450 luxerunt
343 407 457 449 illico
489 407 632 449 tristes
665 408 837 450 uenenis
871 408 1026 450 diaboli
1057 408 1098 449 in
1119 409 1162 449 te
1185 408 1423 450 inseminati
1448 408 1627 450 amaris-

121 477 215 518 simi
247 477 408 518 sructus
439 476 515 526 tui,
548 478 595 517 ut
628 476 768 519 dicere
809 477 1029 531 temptasti
1070 477 1353 519 damnandum
1393 477 1521 519 fuisse
1558 477 1625 518 in-

121 545 340 587 auditum?
371 545 673 599 numquidnam
705 558 783 588 non
815 546 1042 600 patuerunt
1073 546 1293 588 confestim
1324 546 1501 587 insidiae
1523 546 1621 587 tuae

84 613 204 667 tlupi
235 614 413 667 rapacis.
442 613 553 668 quod
586 614 694 655 enim
727 615 873 656 contra
905 614 971 656 dei
1005 615 1114 657 ouile
1152 615 1389 656 machinam
1430 616 1625 657 constru-

118 683 250 724 xisses
301 683 548 731 maximam3
609 683 814 726 fructibus
869 696 966 738 ergo
1013 684 1098 726 tuis
1146 684 1354 738 quomodo
1405 696 1485 726 non
1537 684 1626 726 ouis

118 752 246 794 fuisse
277 753 400 806 lupus
433 753 599 806 agnitus
633 765 689 802 es,
724 753 781 794 sic
816 753 870 803 et,
905 753 1112 807 quomodo
1146 753 1216 803 sis,
1251 753 1330 794 nisi
1360 753 1435 795 tibi
1470 765 1625 795 consu-

119 821 259 871 lueris,
294 823 415 864 arbor
446 822 531 876 igni
554 821 778 872 destinata,
808 822 987 876 probant
1009 834 1130 863 sacra
1153 822 1385 876 euangelia.
1419 823 1629 875 numquid

117 890 320 944 colliyemt
350 891 400 933 de
437 892 577 943 spinis
614 905 745 932 unam
787 895 863 933 aut
902 892 951 933 de
989 891 1159 933 tribulis
1201 891 1341 945 ficus?
1391 892 1451 933 sic
1491 892 1628 933 onmis

69 976 100 1000 ιο
117 959 244 1001 arbor
288 959 397 1001 bona
444 960 568 1002 bonos
606 961 772 1013 fructus
808 961 926 1015 facit,
971 960 1088 1002 mala
1136 963 1278 1002 autem
1323 960 1448 1002 arbor
1493 960 1626 1002 malos

116 1028 283 1082 fructus
323 1029 440 1082 facit.
494 1042 581 1070 non
614 1031 754 1081 potest
791 1029 917 1070 arbor
957 1028 1070 1070 bona
1110 1029 1245 1071 malos
1283 1028 1451 1082 fructus
1487 1031 1627 1083 facere

118 1110 248 1149 neque
280 1096 404 1137 arbor
436 1095 552 1137 mala
592 1095 720 1138 bonos
756 1096 924 1149 fructus
965 1095 1113 1148 facere.
1174 1097 1312 1138 omnis
1353 1098 1478 1139 arbor
1519 1111 1630 1151 quae

117 1178 204 1206 non
235 1165 342 1218 facit
372 1165 558 1218 fructum
588 1165 743 1206 bonum
773 1165 987 1206 excidetur
1017 1168 1053 1206 ct
1084 1166 1132 1206 in
1162 1166 1300 1219 iyncm
1332 1166 1543 1218 malletur,-
1578 1180 1627 1208 ex

116 1233 323 1287 fructibus
354 1234 467 1275 enim
497 1248 641 1275 eorum
681 1234 932 1288 coqnoscetis
972 1247 1048 1277 eos.
1110 1248 1194 1276 non
1233 1236 1370 1276 omnis
1408 1237 1482 1288 qui
1521 1236 1627 1277 mihi

67 1320 98 1344 15
117 1303 223 1345 dicit
260 1304 427 1345 domine
464 1304 646 1359 domine,
678 1302 859 1345 intrabit
900 1304 948 1344 in
980 1317 1155 1358 ‘reynum
1186 1303 1413 1354 caelorum,
1446 1304 1519 1346 sed
1555 1307 1628 1358 qui

115 1374 221 1426 facit
254 1373 514 1415 uoluntatem
538 1373 686 1426 patris
715 1372 809 1414 mei.
865 1372 923 1413 sic
957 1372 1218 1414 uoluntatem
1250 1373 1381 1426 patris
1413 1373 1523 1415 unici
1559 1374 1625 1415 dei

116 1441 192 1483 filii
225 1442 340 1492 facis,
374 1443 419 1483 ut
451 1442 540 1483 eius
571 1441 705 1482 filium
736 1453 865 1495 neges
897 1441 1171 1495 unigenitum,
1213 1443 1260 1483 ut
1290 1443 1426 1496 ipsum
1464 1444 1625 1497 patrem

119 1510 234 1552 dieas
267 1523 345 1552 non
380 1523 471 1552 esse
503 1523 650 1552 uerum
690 1511 868 1564 patrem,
907 1511 955 1552 ut
993 1511 1265 1553 fundamenta
1303 1525 1375 1566 per
1416 1513 1626 1566 apostolos

117 1581 278 1622 coneris
302 1580 518 1621 destruere
542 1580 667 1630 iacta,
691 1580 738 1621 ut
759 1579 1019 1622 interficeres
1043 1580 1168 1634 atque
1191 1581 1420 1623 interficias
1443 1582 1626 1624 cultores

66 1664 98 1689 20
118 1651 220 1701 eius,
255 1653 300 1692 ut
333 1651 542 1693 antistites
574 1651 706 1705 ipsius
740 1651 791 1692 de
834 1651 997 1704 populis
1035 1650 1217 1704 pelleres
1259 1650 1336 1692 sihi
1378 1650 1626 1694 commissis,

117 1720 164 1761 ut
196 1720 412 1762 absentem
447 1722 487 1761 et
518 1719 755 1761 inauditum
789 1719 978 1761 damnari
1009 1720 1188 1769 iuberes,
1212 1720 1259 1760 ut
1280 1719 1486 1761 haeresim
1510 1721 1627 1761 tuam

110 1789 223 1843 lluae
250 1802 374 1830 unam
406 1789 672 1842 blasphemat
705 1788 971 1830 diuinitatem
1015 1788 1146 1842 patris
1186 1788 1227 1829 et
1257 1787 1331 1829 filii
1374 1790 1416 1830 et
1456 1788 1627 1842 spiritus

119 1858 254 1899 sancti
287 1858 327 1899 in
361 1858 585 1899 ecelesiam
618 1857 937 1899 introduceres?
969 1857 1003 1899 si
1034 1858 1138 1899 haec
1172 1857 1625 1907 cuncta,11tdixi1nus.

118 1927 275 1980 placita
307 1928 403 1968 sunt
436 1927 513 1969 deo
547 1927 668 1980 patri,
708 1927 864 1981 poteris
904 1927 1060 1968 intrare
1107 1926 1147 1967 in
1186 1938 1360 1980 regnum
1401 1926 1626 1968 caelorum.

68 2007 99 2032 2⁵
120 1995 239 2037 audis
274 1996 382 2037 enim
417 1995 557 2038 dicere
591 1996 759 2038 unicum
790 1996 924 2037 filium
968 1996 1079 2037 eius:
1112 2009 1196 2036 non
1236 1995 1372 2037 omnis
1411 1997 1483 2049 qui
1521 1988 1646 2038 dicit'

118 2064 223 2105 mihi
254 2065 423 2106 dominc
461 2066 641 2115 domme,
688 2065 868 2107 intrabit
907 2065 956 2107 in
987 2078 1161 2119 reqnum
1194 2065 1416 2112 caelorum,
1448 2064 1519 2106 sed
1549 2066 1622 2117 qui

118 2132 222 2184 facit
252 2135 514 2175 uoluntatem
544 2135 683 2186 patris
714 2135 807 2175 mei.
842 2133 1030 2175 damnari
1060 2133 1180 2175 iubes
1212 2132 1500 2181 innocentem3
1546 2145 1624 2174 non

118 2201 269 2243 recolis
299 2202 339 2243 in
366 2202 508 2244 Exodo
543 2203 696 2245 dixisse
731 2202 876 2244 deum:
909 2204 946 2244 si
977 2203 1222 2244 rixauerint
1252 2203 1334 2244 cluo
1355 2205 1391 2243 et
1413 2215 1622 2254 percusse-

121 2269 207 2310 rint
225 2269 441 2311 mulierem
463 2271 511 2312 ἰἠ
533 2274 648 2312 utero
670 2270 886 2312 habentem
905 2274 942 2312 et
959 2270 1208 2312 abortiuerit
1226 2285 1312 2311 non
1329 2270 1625 2323 defornmtmn,

254 2406 275 2440 S
300 2406 427 2442 Matth.
454 2408 486 2447 ’7,
515 2407 644 2442 16-21
742 2407 786 2441 25
812 2407 858 2442 ib.
885 2408 916 2447 7,
943 2407 983 2441 21
1081 2407 1124 2441 28
1150 2408 1210 2442 Ex.
1236 2407 1292 2445 21,
1318 2407 1454 2440 22—‘2-3

185 2521 205 2553 5
233 2499 374 2564 rapaces
399 2522 419 2558 (³
448 2535 490 2555 m.
519 2531 602 2563 rec.)
738 2522 862 2556 ouilem
891 2535 932 2556 m.
959 2525 977 2555 1
1113 2521 1213 2563 Quod
1240 2522 1331 2555 enim
1356 2542 1401 2546 —
1426 2522 1622 2558 maximam.

118 2577 286 2612 fructibus
313 2590 394 2623 ergo
419 2599 464 2604 ——
490 2580 631 2623 agnitus
657 2591 693 2614 es
722 2592 739 2614 ι·
757 2580 908 2625 ‹listinffi
1006 2580 1024 2612 7
1051 2579 1171 2624 fuisse}
1199 2579 1260 2613 sed
1286 2580 1373 2614 add.
1400 2591 1426 2614 s.
1456 2580 1475 2614 I.
1497 2592 1539 2614 m.
1559 2591 1628 2614 rec.

119 2639 151 2668 et
180 2647 208 2677 v,
234 2635 332 2680 lupus
359 2648 427 2671 non
454 2638 527 2671 ouis
552 2637 661 2672 fuisse
679 2642 876 2682 ems-pentes.
903 2638 967 2671 sed
993 2638 1039 2679 (τ’.
1069 2640 1145 2680 154,
1171 2640 1220 2671 :20⁸
1338 2638 1379 2671 16
1405 2638 1452 2671 sic
1479 2638 1625 2681 scripsi,

118 2691 147 2725 si
171 2693 220 2726 l'o
315 2694 355 2727 17
382 2698 419 2727 ut
444 2695 474 2727 1⁷
489 2694 552 2727 sed
578 2694 747 2739 quomodo
774 2695 815 2728 fit
841 2696 880 2728 in
900 2706 1012 2739 marry.
1034 2707 1075 2728 m.
1096 2706 1174 2735 reta,
1201 2694 1370 2738 quomodo
1396 2695 1436 2728 fit
1461 2698 1500 2728 ut
1519 2706 1536 2728 v

120 2760 161 2793 19
187 2761 277 2795 lecta
301 2774 345 2796 m.
371 2766 388 2796 1
499 2763 543 2797 29
576 2741 791 2817 abortaverit
825 2764 843 2786 =³
872 2775 913 2797 m.
949 2765 1032 2806 rec.)
1143 2762 1294 2796 nondum
1326 2763 1511 2797 formatum
1542 2763 1626 2797 (iul-

121 2829 292 2874 laudius;
316 2832 380 2866 secl
405 2832 453 2876 μὴ
479 2830 761 2876 ἔξεικονισμένον
789 2833 900 2867 LXX
