1934 3278
602 197 834 231 uerborum
860 199 903 230 et
928 197 1224 231 locutionum.

172 323 372 357 mittuntur
397 322 434 356 in
460 322 573 356 morte
606 320 758 356 secunda
783 320 821 355 11
846 321 878 362 4,

175 369 229 403 11.
255 368 291 402 in
326 369 426 412 parte
462 366 598 402 secedit
635 366 673 401 11
700 367 753 407 11,
785 366 818 399 2.
845 367 880 401 in

173 413 297 448 seruili
328 415 434 458 gente
461 438 468 445 .
484 438 492 446 .

173 459 337 493 inducere
374 484 405 494 ..
443 459 480 492 in
514 458 625 493 oculis
660 482 692 492 ..

173 690 271 721 terra
303 687 476 731 promissa
509 687 551 720 A.
583 686 660 720 197.
685 686 723 720 in
755 685 883 720 scelere

175 733 290 776 prisco
316 734 479 767 reuoluta
502 733 545 766 A.
570 731 647 767 200.
681 731 883 766 ductisunt

175 779 213 812 in
240 778 313 812 zelo
338 779 380 813 A.
406 779 483 813 238.
517 778 707 811 mittamus
741 777 881 821 lignum

176 824 214 857 in
240 834 328 868 pane
363 824 404 858 A.
436 823 505 858 274
530 823 650 866 (ὀίω).
675 822 774 857 ducti
799 824 884 856 sunt
913 842 914 856 ι

176 870 214 903 in
241 880 357 904 errore
384 871 423 903 A.
449 869 528 903 499.
554 879 697 902 manuni
717 869 754 902 in
772 868 882 902 latere

177 941 208 950 ..
234 915 338 949 misit
363 917 405 949 A.
430 915 509 949 566.
542 915 604 959 qui
638 915 778 948 uenerit
809 913 883 947 illis

175 961 214 994 in
241 971 300 994 ore
333 962 374 995 A.
408 961 486 996 595.
522 961 689 994 mittetur
726 959 762 993 in
800 960 883 1003 igne
914 961 915 966 ’

175 1008 217 1040 A.
253 1006 330 1041 751.
365 1007 399 1040 in
432 1016 583 1050 quorum
611 1030 642 1038 ..
667 1005 885 1039 descendunt

176 1054 351 1096 sanguine
387 1053 430 1087 A.
469 1052 544 1087 756.
582 1051 683 1085 uenit
710 1051 883 1085 Dominus

175 1097 212 1131 in
253 1099 358 1131 terris
395 1099 436 1132 A.
477 1098 554 1132 781.
595 1096 742 1131 flumina
778 1121 811 1130 ..
848 1096 883 1130 in

178 1145 353 1187 sanguine
388 1143 501 1177 uertit
533 1144 574 1178 A.
599 1142 678 1177 844.
705 1143 825 1186 pergit
851 1168 858 1175 .
877 1166 884 1173 .

175 1190 213 1223 in
251 1193 346 1223 terra
383 1189 514 1223 Iudaea
552 1189 594 1223 A.
623 1187 702 1223 927.
739 1188 818 1223 960.
848 1189 883 1221 in
914 1176 916 1229 ζ

587 1234 801 1278 rediguntur
842 1236 882 1267 A.
914 1236 916 1273 ξ

177 1235 252 1269 loco
294 1245 476 1268 seruorum
513 1258 549 1266 ..

178 1281 258 1315 988.
285 1280 425 1314 intrant
449 1281 485 1314 in
512 1280 650 1314 colonia
675 1280 718 1314 A.
743 1278 821 1314 989.
848 1280 883 1312 in

178 1327 305 1360 umbra
346 1326 473 1360 mortis
513 1325 667 1360 abibunt
703 1325 745 1360 A.
784 1325 883 1359 1055.
915 1330 916 1337 ’

518 411 655 457 refugit
688 411 727 446 II
762 412 814 453 13,
848 413 880 446 4.
911 415 913 456 !³

1613 197 1697 239 219

993 324 1087 355 terra
1112 321 1128 356 I
1153 321 1209 363 41,
1238 323 1289 356 10.
1316 322 1350 356 in
1369 322 1471 355 annis
1492 321 1590 357 mille
1609 322 1647 357 11
1664 322 1696 365 2,

989 366 1041 401 17.
1067 366 1246 401 mensibus
1271 367 1308 401 in
1334 368 1489 412 quinque
1513 367 1697 402 trucidan-

987 415 1048 446 tur
1073 412 1114 446 A.
1140 413 1209 447 822

728 456 880 491 stibium
910 458 913 495 ἱ
943 457 979 491 in
1006 468 1035 492 c.
1061 468 1178 492 accae.
1204 472 1250 488 =
1274 458 1311 492 in
1338 468 1366 492 c.
1403 458 1474 493 abl.
1510 459 1548 502 a)
1586 469 1697 493 sensu

174 504 213 540 II
241 505 294 546 18,
321 505 352 538 7.
378 504 538 539 redditur
571 504 606 538 in
633 503 738 539 culna
763 505 881 547 pastor
910 506 913 538 ἶ

174 550 213 585 ΙΙ
238 551 294 591 28,
319 551 351 584 6.
378 550 501 594 laqueo
534 550 570 583 in
597 549 667 583 isto
680 549 730 592 (·?)
756 549 881 583 ruistis
911 563 913 565 ·

174 595 212 630 11
237 595 293 637 29,
317 596 339 629 8
378 596 412 629 in
436 606 521 640 gazo
539 595 581 629 de
602 594 723 629 labore
740 594 881 628 mittere
911 614 913 620 ‹

174 640 280 676 debes
316 641 354 675 II
390 642 445 683 31,
486 640 536 675 14.
575 640 760 674 induxerat
785 665 818 674 ..
844 640 880 673 in
912 635 913 642 ¹

988 503 1111 538 locali:
1138 503 1270 538 bellum
1296 514 1374 538 cum
1401 503 1551 538 inferret
1576 504 1696 539 electis

989 549 1063 584 suis
1090 550 1126 583 in
1159 548 1281 583 orbem
1307 548 1346 584 ΙΙ
1373 550 1402 590 1,
1432 551 1483 584 10.
1518 549 1696 584 adclamat

989 618 1021 629 ..
1060 594 1096 627 in
1137 593 1254 628 orbern
1297 599 1353 636 (=
1396 592 1455 628 ἐπὶ
1490 594 1558 638 τὴν
1592 595 1695 639 γῆνῖ)

990 639 1027 674 11
1053 639 1085 682 2,
1110 640 1142 674 4.
1170 641 1206 674 in
1231 640 1354 675 urbem
1380 650 1441 683 pro
1464 640 1601 675 foribus
1631 644 1696 675 aut

990 685 1043 719 sol
1075 687 1138 719 aut
1171 686 1255 719 luna
1279 685 1412 719 lucebit
1446 686 1483 720 11
1517 686 1551 725 3,
1581 688 1633 721 18.
1659 687 1695 721 in

989 730 1096 765 talem
1123 731 1246 775 pendit
1271 731 1415 766 ecclesia
1435 734 1514 766 tota
1533 732 1571 767 II
1589 733 1646 772 20,
1663 732 1696 766 9.

989 779 1076 810 sunt
1116 776 1244 820 quibus
1284 777 1320 810 iu
1362 776 1483 820 ignem
1528 779 1697 822 apparuit

991 821 1110 865 (Deus)
1138 824 1180 855 A.
1202 823 1275 856 119.
1301 822 1335 855 in
1356 823 1533 857 infernum
1551 834 1619 858 nou
1637 823 1695 858 de-

990 869 1168 911 relinques
1186 868 1227 902 A.
1245 868 1313 902 447
1339 867 1458 911 (biba).
1475 888 1522 894 —
1539 868 1574 911 b)
1587 879 1697 904 sensu

989 913 1141 947 modali:
1173 914 1207 946 in
1240 914 1415 957 gemitum
1446 914 1546 949 edere
1571 925 1696 959 panem

991 957 1027 992 11
1055 959 1108 1001 17,
1135 959 1164 993 1.
1190 959 1250 992 sed
1279 959 1349 993 erit
1380 961 1417 992 in
1442 970 1563 1002 pacem
1589 959 1696 994 huius

991 1005 1174 1048 sepultura
1204 1005 1246 1039 A.
1269 1004 1349 1039 476.
1392 1004 1524 1039 bellum
1563 1005 1600 1039 in
1636 1005 1696 1040 ab·

993 1060 1155 1084 sconsum
1190 1050 1329 1092 geritur
1354 1050 1391 1084 II
1417 1050 1472 1091 25,
1498 1051 1530 1085 9.
1562 1051 1631 1095 (Cf.
1657 1051 1694 1085 in

993 1105 1154 1136 uacuum,
1191 1095 1228 1129 in
1265 1098 1408 1138 totum.)
1431 1115 1475 1120 —
1499 1109 1545 1127 =
1574 1097 1696 1131 uelut:

992 1141 1030 1174 in
1056 1140 1248 1184 supplicem
1275 1141 1396 1184 prodis
1422 1141 1440 1176 Ι
1466 1142 1522 1181 23,
1557 1142 1610 1177 14.
1637 1142 1695 1184 Cf.

991 1188 1147 1232 August.
1173 1187 1246 1221 eiu.
1278 1187 1351 1221 Det·
1382 1188 1454 1222 uol.
1482 1187 1530 1222 II
1549 1198 1585 1232 p.
1612 1189 1696 1230 449,

992 1234 1035 1266 31
1059 1242 1132 1276 sqq.
1158 1232 1225 1266 D2.

915 1313 916 1316 ,
946 1277 1083 1312 inanire
1099 1293 1143 1308 =
1157 1288 1351 1320 euacuare,
1379 1278 1583 1322 infirmare:
1601 1279 1698 1313 cuias

178 1372 214 1411 b)
240 1383 351 1406 sensu
367 1371 574 1416 temporali:
599 1381 638 1405 ex
664 1371 884 1415 protoplasto
914 1398 916 1406 .

177 1418 235 1452 die
262 1421 443 1462 pugnatur
469 1418 505 1450 in
531 1417 600 1451 fine
624 1431 667 1446 =
693 1427 808 1461 usque
837 1416 886 1450 ad
912 1416 915 1423 ¹

178 1466 285 1506 tinem
309 1463 347 1498 II
373 1463 428 1503 22,
453 1463 486 1497 2.
511 1463 548 1496 in
574 1465 742 1506 perpetuo
767 1462 806 1497 11
830 1462 886 1501 39,
914 1469 916 1474 ·

178 1509 231 1543 24.
260 1509 297 1542 in
323 1511 464 1543 aeterno
489 1510 530 1542 A.
554 1509 634 1543 302.
654 1527 700 1534 -
717 1510 750 1549 c)
775 1518 886 1542 sensu
913 1525 915 1532 ι

178 1555 302 1597 finali:
328 1564 432 1598 quam
451 1555 585 1595 (Liam)
603 1553 707 1588 Iacob
727 1555 764 1587 in
782 1554 885 1597 signo

180 1601 310 1644 recepit
338 1600 354 1634 I
379 1600 434 1639 39.
462 1600 494 1634 2.
528 1601 670 1634 mittere
702 1599 765 1644 qui
793 1599 885 1633 dixit
914 1596 915 1601 ’

180 1645 333 1690 lapidem
366 1647 400 1679 in
427 1645 593 1680 scandalo
630 1647 751 1679 uestro
786 1644 805 1679 Ι
828 1644 884 1685 40,

179 1693 213 1725 6.
249 1691 380 1726 nutriri
415 1691 451 1725 in
486 1691 656 1725 occisione
681 1690 720 1725 11
749 1690 806 1731 25,
834 1691 884 1724 11.
913 1694 915 1727 Ξ

178 1757 223 1763 -——
248 1737 286 1778 d>
312 1747 421 1772 sensu
445 1737 704 1771 aduersatiuoz
744 1738 884 1770 senten·
913 1730 916 1777 Ξ
944 1757 1084 1792 inarare
1100 1757 1142 1799 (?)
1170 1757 1208 1792 Π
1234 1757 1291 1797 29,
1323 1758 1363 1792 15

179 1784 269 1817 tiam
295 1783 397 1817 misit
427 1783 464 1816 in
499 1783 573 1817 illis
600 1782 615 1816 I
642 1783 674 1822 3,
713 1782 743 1817 7.
782 1781 884 1815 indn-

180 1829 278 1863 rauit
302 1839 360 1862 eos
386 1829 480 1862 sient
503 1827 723 1862 Pharaonem
742 1830 776 1861 in
795 1827 884 1871 ipsis
914 1848 915 1851 =

759 1875 795 1906 et
829 1883 885 1907 su·
914 1871 916 1885 ,›
944 1850 1126 1884 incantare
1163 1849 1250 1882 iocis
1291 1847 1329 1883 II
1371 1847 1403 1890 7,
1444 1846 1476 1881 2.
1515 1847 1697 1881 incantare

179 1920 309 1963 petbus
336 1921 370 1953 in
399 1919 459 1954 ino
480 1919 630 1999 3ἐέἓὲ
651 1939 699 1998 J
725 1930 885 2008 sssonws
946 1942 1087 1975 incaute
1119 1955 1160 1970 =
1196 1940 1405 1983 inopinato:
1437 1938 1492 1973 sol
1518 1938 1615 1983 sugit
1640 1938 1695 1972 in-

179 1875 221 1909 A.
250 1874 325 1908 714.
363 1874 540 1918 parricida
565 1874 676 1916 patris
703 1899 734 1908 ..

183 1964 244 1999 ἐπί
252 1977 259 1996 :
319 1965 441 1999 Esaias

992 1323 1096 1358 modo
1145 1322 1280 1370 lege(s)
1328 1324 1444 1358 inanis
1488 1324 1505 1358 Ι
1545 1324 1600 1366 23,
1645 1325 1697 1359 15.

992 1369 1150 1404 iuaniuit
1174 1369 1281 1403 fortia
1306 1369 1430 1403 mortis
1457 1371 1499 1403 A.
1524 1370 1592 1404 316

946 1426 1064 1461 inanis
1090 1441 1134 1456 =
1157 1427 1322 1470 μάταιος,
1346 1426 1478 1460 stultus
1496 1426 1545 1467 ΙΙ,
1570 1425 1621 1469 14,
1642 1426 1697 1460 13.

991 1473 1033 1506 A.
1057 1472 1112 1506 84.
1140 1490 1182 1496 -—
1207 1486 1252 1502 =
1276 1482 1409 1511 uanus,
1439 1472 1576 1515 falsus:
1614 1472 1696 1506 deos

990 1518 1112 1552 inanes
1150 1516 1167 1552 1
1191 1517 1226 1560 2,
1250 1518 1283 1552 2.
1311 1519 1410 1551 uates
1447 1518 1572 1551 inanes
1596 1517 1614 1552 Ι
1642 1517 1695 1558 17,

993 1564 1021 1597 1.
1039 1583 1085 1588 -
1108 1578 1154 1593 =
1171 1573 1316 1609 eyenus:
1341 1573 1488 1597 munera
1506 1562 1569 1597 dat
1593 1562 1694 1603 alter,

990 1611 1030 1643 ut
1047 1609 1201 1643 alterum
1226 1608 1354 1643 reddat
1379 1608 1521 1643 inanem
1546 1608 1584 1644 ΙΙ
1599 1608 1655 1648 24,
1674 1609 1696 1642 6

913 1684 915 1687 v
943 1666 1064 1701 inante
1090 1668 1140 1709 (in
1166 1668 1265 1709 ante)
1292 1682 1335 1693 Ξ
1360 1665 1573 1710 ulterius('?)
1600 1665 1638 1700 11
1663 1666 1695 1706 5,

989 1712 1244 1755 7;cf.1111‚
1271 1712 1293 1746 8

914 1801 915 1830 ἶ
943 1804 1078 1837 inauris
1103 1803 1138 1838 II
1166 1803 1220 1844 19,
1246 1802 1290 1837 13

180 2011 259 2046 533.
286 2011 320 2044 in
348 2010 489 2045 Christo
515 2010 695 2045 credentes
715 2010 805 2050 124,
831 2011 884 2043 20.
914 2011 916 2039 ἰ

181 2059 225 2092 A·
242 2056 321 2091 289*
337 2056 416 2091 300·
433 2057 514 2091 536⁶
531 2057 566 2090 in
581 2055 721 2091 Chrisw
739 2059 886 2097 ''egam‘'
915 2067 917 2105 ἶ
945 2077 1183 2112 incinefactus
1198 2077 1262 2120 (ἦε
1288 2077 1375 2110 tunc
1401 2074 1561 2119 Babylon
1589 2084 1699 2108 mere-

182 2103 226 2137 Α.
257 2103 335 2136 590.
373 2102 409 2135 in
449 2102 676 2135 uestimentis
714 2099 788 2144 (ἐπὶ
824 2100 888 2133 τὸν

181 2146 388 2191 ἱματισμὸν)
415 2151 545 2181 sortem
564 2147 739 2180 miserunt
753 2149 796 2181 A.
808 2148 887 2181 419.

183 2214 225 2218 -
252 2208 292 2223 =
322 2203 380 2237 per
416 2192 475 2227 uel
507 2192 577 2227 abl.
605 2193 790 2227 histrum:
816 2202 886 2226 cre-

181 2239 263 2273 dere
289 2249 382 2272 nunc
406 2248 492 2282 opus
516 2241 570 2272 est
595 2242 736 2271 tanturn
756 2239 791 2271 in
818 2238 887 2271 isto
915 2240 917 2271 ἶ

181 2284 350 2318 defuncto
365 2294 546 2328 resurgere
561 2294 660 2328 posse
675 2283 692 2317 I
707 2284 762 2321 25,
780 2284 823 2317 15
836 2295 887 2326 sq.

183 2330 219 2364 in
248 2330 358 2363 uariis
383 2330 503 2381 poenis
527 2329 710 2363 cruciabat
728 2329 765 2363 II
786 2330 815 2371 1,
831 2329 886 2362 46.
916 2348 917 2351 =

184 2377 221 2410 in
248 2375 387 2409 flamma
404 2375 499 2419 ignis
516 2375 689 2409 Dominus
715 2374 889 2408 iudicabit

184 2422 325 2465 iniquos
362 2421 399 2455 II
437 2421 469 2460 2,
504 2421 525 2453 9
559 2421 620 2465 (cf.
654 2422 695 2457 A.
727 2421 819 2461 995).
852 2419 885 2452 in

186 2467 307 2511 poenis
343 2468 475 2511 poteris
511 2474 573 2499 tua
611 2466 738 2499 damna
779 2465 888 2499 lenire

185 2512 223 2547 II
250 2514 282 2550 8,
308 2513 338 2547 7.
365 2512 553 2546 maledicta
578 2512 649 2545 fuit
668 2513 772 2545 arbor
797 2535 827 2542 ..

854 2511 888 2544 in
916 2539 918 2551 ,

186 2557 294 2592 uerbo
312 2558 454 2591 Domini
474 2557 511 2591 II
535 2558 584 2594 14,
614 2558 655 2590 10
671 2568 722 2601 sq.
749 2557 784 2590 in
803 2556 890 2590 tuba
917 2563 918 2569 ¹

186 2628 218 2636 ..
244 2604 455 2638 clamantem
488 2602 524 2637 11
554 2604 604 2643 15,
637 2604 669 2634 2.
702 2604 737 2635 in
776 2602 889 2635 dando

185 2650 382 2693 promeruit
409 2673 441 2682 ..
467 2648 578 2682 leuari
618 2648 653 2682 11
682 2650 734 2688 18,
766 2647 821 2680 20.
854 2649 887 2680 iu

186 2705 265 2728 esca
290 2695 382 2738 perit
406 2695 485 2728 anis
507 2693 543 2728 11
570 2694 625 2730 23,
654 2693 704 2727 19.
734 2703 890 2736 persecu·
918 2688 919 2718 3

187 2740 320 2774 tionem
341 2740 489 2784 dissipet
515 2764 522 2771 .
537 2764 545 2771 .

186 2804 230 2810 ——
255 2799 300 2815 =
325 2796 385 2829 per
416 2786 475 2819 uel
499 2795 618 2819 accus.
643 2783 827 2828 temporis:
855 2784 889 2816 in

187 2834 320 2875 septem
364 2832 467 2865 annis
517 2829 687 2864 tremebit
737 2829 892 2872 undiquc

572 2739 606 2772 in
626 2740 734 2772 armis
755 2740 794 2772 Α.
814 2738 891 2772 812.
920 2772 921 2778 ,

990 1894 1116 1929 herbas
1142 1895 1322 1938 malignas
1349 1894 1390 1927 A.
1414 1894 1437 1928 8

990 1988 1108 2027 caute,
1159 1985 1279 2019 subito
1323 1984 1365 2019 fit
1413 1984 1528 2019 noctis
1578 1984 1698 2027 imago

991 2033 1032 2068 A.
1062 2032 1149 2066 1003

991 2123 1063 2157 trix
1088 2121 1198 2168 (erit)
1223 2122 1439 2156 incinefacta
1464 2121 1481 2155 Ι
1507 2121 1564 2160 41,
1594 2120 1634 2154 12

915 2206 917 2221 :
946 2180 1116 2214 inclinate
1134 2181 1241 2222 caput
1266 2203 1276 2212 .
1291 2203 1298 2210 .
1323 2178 1528 2223 pastoribus
1546 2176 1583 2211 11
1602 2176 1659 2215 27,
1675 2176 1698 2210 8

948 2223 1180 2270 inc0p<r>iare
1197 2225 1241 2268 (Ρ)
1265 2238 1308 2254 =
1333 2223 1498 2266 decipere
1523 2222 1540 2256 1
1569 2222 1620 2262 19,
1647 2223 1668 2255 6

915 2278 918 2306 a
947 2271 1172 2314 incorruptus
1197 2284 1239 2300 =
1265 2269 1462 2312 ἄφθαρτος
1487 2268 1524 2302 11
1548 2268 1580 2307 3,
1607 2268 1629 2301 4

948 2316 1141 2350 incrassato
1166 2315 1266 2349 corde
1293 2314 1309 2349 I
1334 2315 1389 2355 38,
1416 2315 1449 2348 3.
1482 2313 1696 2347 iucrassauit

992 2372 1050 2395 cor
1075 2362 1195 2405 populi
1224 2362 1263 2393 A.
1288 2360 1351 2394 401
1380 2359 1491 2401 (bibl.)

947 2406 1150 2441 incredulus
1176 2420 1220 2435 =
1245 2405 1416 2447 infidelis,
1442 2416 1465 2437 α
1495 2404 1566 2446 fide
1596 2404 1698 2439 Chri-

991 2453 1114 2487 stiana
1138 2452 1281 2486 alienus
1313 2450 1399 2485 129
1436 2451 1543 2484 inser.
1578 2449 1633 2490 40,
1668 2450 1698 2482 l.

993 2497 1030 2533 ΙΙ
1054 2498 1089 2538 4,
1117 2498 1146 2531 1.
1171 2497 1203 2531 4.
1232 2499 1271 2531 A.
1295 2497 1372 2530 430.
1404 2496 1488 2530 1019

949 2556 1156 2589 increscere:
1197 2554 1247 2587 sic
1288 2563 1398 2594 genus
1440 2552 1600 2596 iniquum
1643 2552 1698 2584 iu-

994 2600 1107 2634 creuit
1132 2599 1262 2633 mundo
1290 2598 1306 2632 1
1331 2599 1387 2638 36,
1411 2601 1432 2632 8

950 2645 1162 2680 incumbunt
1201 2647 1258 2687 (=.-.
1296 2645 1519 2678 uolutamur
1535 2642 1567 2686 ἓ)
1605 2652 1699 2676 more

995 2691 1102 2725 suillo
1139 2692 1181 2724 A.
1216 2690 1292 2725 758.
1324 2708 1370 2714 -
1401 2688 1598 2723 incumbere
1636 2687 1700 2720 ali-

997 2746 1100 2780 quem
1117 2751 1157 2766 =
1170 2746 1277 2780 perse
1303 2736 1351 2772 ui,
1366 2734 1543 2769 aemulari
1557 2733 1592 2767 11
1610 2733 1664 2771 23,
1678 2732 1701 2765 5

952 2782 1034 2816 inde
1071 2797 1112 2812 =
1151 2792 1194 2815 ea
1220 2791 1257 2815 re
1329 2781 1386 2820 24,
1423 2781 1472 2814 14.
1496 2779 1559 2824 29,
1589 2779 1639 2812 15.
1667 2777 1698 2810 11

998 2829 1054 2868 35,
1081 2828 1132 2862 10.
1159 2846 1202 2852 —
1232 2840 1277 2856 =
1294 2825 1338 2861 de
1367 2837 1410 2860 ea
1438 2836 1486 2865 re,
1517 2825 1592 2858 eius
1624 2823 1698 2857 rei:
