1934 3278
434 252 488 287 De
514 263 583 287 non
608 251 783 296 parcendo
806 252 842 286 in
868 251 971 286 deum
996 251 1292 296 delinquentibus.
1533 253 1614 296 221

115 393 207 423 mus
236 381 279 422 te
311 378 509 421 secedere
542 390 564 420 e
596 378 748 432 populo
789 378 877 423 dei.
925 379 1036 420 sicut
1074 379 1135 420 illi
1178 378 1420 421 sacerdotes
1462 379 1616 421 domini

116 450 265 493 Odiam
309 449 359 490 de
399 448 557 502 templo
598 448 861 502 conpulerint
901 448 1066 502 egredi.
1115 448 1212 501 quia
1243 449 1285 489 te
1316 448 1378 489 ita
1417 460 1618 501 cogamus

116 519 213 561 dare
261 518 338 564 deo
383 518 594 560 honorem.
643 517 677 559 si
726 518 834 559 enim
875 517 1026 559 Odiam
1069 516 1136 559 dei
1179 517 1422 559 sacerdotes
1462 517 1619 559 idcirco

113 588 326 643 pellebant
358 599 406 629 ex
439 587 534 628 aula
567 586 647 630 dei.
683 587 779 640 qnia
810 587 1098 628 meminissent
1128 586 1329 627 diuinitus
1351 587 1621 640 praeceptum

81 657 298 712 ⁵leprosos
331 656 426 698 ante
459 656 735 710 expiationem
767 656 929 710 ingredi
960 657 1165 710 templum
1187 656 1432 710 prohibitos.
1466 656 1621 709 quanto

112 726 249 781 magis
280 738 354 768 nos
387 725 502 780 digni
534 727 590 775 tc,
631 726 838 779 conspice,
883 738 931 767 ex
965 726 1148 767 ecclesia
1178 726 1334 779 pellere
1368 724 1537 774 Christi,
1571 723 1622 765 de

115 796 237 838 domo
270 795 439 845 domini,
474 795 571 849 quia
602 807 681 836 non
714 795 768 836 sit
798 795 962 836 licitum
994 795 1253 836 haereticum
1282 794 1504 837 conuenire
1527 806 1623 835 cum

114 864 354 908 catholicis.
399 864 591 906 insanum
632 877 727 906 cum
767 865 899 908 sanis.
947 865 1115 918 plenum
1158 864 1369 906 inmundis
1409 863 1623 916 spiritibus

114 947 208 976 cum
241 933 323 984 eis.
355 933 395 975 in
430 933 580 987 quibus
616 933 823 975 inhabitat
855 933 1024 987 spiritus
1057 933 1136 974 dei.
1195 945 1304 986 quae
1336 933 1438 974 haec
1472 932 1622 973 contu-

62 1006 96 1032 ¹⁰
112 1003 239 1045 melia
279 1003 362 1052 cst.
414 1002 448 1044 si
496 1002 737 1044 sacerdotes
789 1001 942 1043 domini
985 1002 1073 1043 zelo
1108 1014 1155 1043 eo
1195 1001 1360 1043 accensi
1409 1013 1489 1054 quo
1529 1002 1626 1042 sunt

114 1083 278 1126 semper
307 1083 600 1125 praecessores
633 1071 762 1113 nostri
793 1071 870 1112 tibi
904 1071 1083 1112 dicimus
1115 1083 1222 1124 quae
1257 1072 1422 1112 nostrae
1461 1069 1623 1111 condu-

113 1142 210 1183 cant
243 1153 289 1182 ac
321 1141 421 1181 tuae
454 1139 611 1181 saluti?
638 1140 841 1192 petulans
873 1143 944 1193 est,
977 1140 1128 1193 inquis.
1164 1139 1349 1192 Lucifer.
1382 1139 1478 1180 hinc
1501 1139 1625 1192 petu-

111 1210 216 1253 lans.
237 1209 334 1263 quia
349 1210 391 1251 te
409 1221 583 1263 urgeam
604 1208 883 1262 elephantiam
903 1208 1062 1250 reicere
1086 1208 1193 1249 Arrii
1218 1208 1343 1261 atque
1365 1207 1527 1262 <quod>
1555 1220 1626 1260 per

112 1280 233 1325 hanc.
267 1291 391 1332 quam
414 1277 768 1331 praedicanerunt
801 1277 977 1331 apostoli
1008 1277 1243 1319 beatissimi
1267 1276 1394 1318 fidem
1417 1285 1626 1329 quamque

63 1356 95 1381 1⁵
113 1361 186 1390 nos
219 1360 364 1389 sumus
395 1347 443 1388 ut
473 1346 609 1388 cernis
640 1347 851 1390 tenentes.
900 1347 998 1388 tuae
1030 1347 1161 1388 menti
1194 1358 1237 1388 es
1272 1345 1452 1399 adeptus
1489 1345 1625 1399 sospi-

111 1416 243 1458 tatem
273 1417 400 1469 teque
431 1416 567 1456 totum
601 1416 788 1468 ereptum
821 1427 842 1455 e
873 1414 1037 1468 laqueis
1070 1414 1239 1463 diaboli,
1265 1415 1402 1456 temet
1422 1414 1462 1456 in
1487 1415 1626 1456 aeter-

114 1497 211 1526 num
252 1483 439 1538 gaudeas
478 1484 555 1526 deo
591 1485 841 1538 quaesitum.
889 1486 958 1528 tu.
993 1485 1060 1538 qui
1095 1498 1168 1526 nos
1201 1484 1382 1538 ingentis
1415 1484 1627 1538 supercilii

118 1566 207 1595 esse
255 1553 441 1607 flagitas,
488 1553 685 1595 inuenisti
728 1554 950 1607 scriptum.
999 1553 1097 1606 quid
1140 1553 1273 1595 Iosias
1304 1566 1374 1594 rex
1414 1552 1543 1594 Iudae
1577 1552 1627 1594 dc

114 1622 413 1675 consacrilegis
446 1622 594 1664 fecerit
625 1623 722 1666 tuis.
758 1623 808 1663 de
840 1623 996 1664 talibus
1028 1622 1164 1676 qualis
1191 1623 1238 1664 tu
1262 1635 1355 1664 esse
1377 1622 1501 1664 hodie
1524 1635 1627 1665 con-

61 1699 94 1725 20
113 1691 304 1744 spiceris,
354 1691 560 1747 quomodo
596 1704 736 1733 eorum
770 1705 894 1745 quam
926 1691 1128 1745 plurimos
1164 1691 1293 1734 etiam
1324 1692 1420 1745 post
1449 1692 1626 1733 mortem

113 1761 237 1802 fuerit
267 1761 515 1814 persecutus
548 1772 642 1802 ossa
674 1760 900 1802 eorundem
922 1761 1090 1814 ignibus
1113 1773 1379 1802 consumens.
1413 1760 1487 1802 sed
1509 1760 1626 1802 illum

113 1829 255 1871 decuit
286 1841 428 1884 regem
460 1830 579 1871 tanto
613 1829 703 1871 zelo
736 1829 929 1883 persequi
964 1829 1030 1871 dei
1070 1830 1233 1872 hostes:
1283 1842 1356 1871 nos
1397 1830 1627 1884 episcopos.

111 1911 185 1940 nos
220 1898 287 1940 (lei
320 1898 568 1941 sacerdotes
599 1899 817 1952 indignum
850 1899 988 1940 fuerat
1018 1899 1094 1941 tibi
1127 1899 1324 1941 resistere
1346 1899 1629 1941 idololatriam

112 1967 396 2009 introducenti
428 1968 469 2009 in
505 1968 740 2010 ecclesiam.
789 1968 860 2010 ille
892 1968 1034 2022 gladio
1074 1969 1286 2010 interfecit
1316 1967 1626 2022 consacrilegos

63 2036 234 2087 istuos,
281 2036 481 2090 reliquias
523 2038 649 2079 ctiam
690 2037 787 2079 olim
827 2037 1013 2090 sepultas
1047 2039 1110 2079 est
1140 2037 1410 2091 persecutus,
1457 2037 1629 2091 cupiens

116 2105 252 2146 cultor
298 2105 476 2147 inueniri
519 2105 585 2148 dei
632 2104 927 2147 fidelissimus:
974 2118 1049 2147 nos
1089 2107 1235 2147 contra
1277 2119 1350 2148 nec
1383 2106 1513 2148 uerbo
1552 2106 1628 2147 tibi

116 2173 313 2215 resistere
347 2175 602 2228 oportuerat.
635 2175 711 2216 tibi
738 2174 803 2216 dei
826 2174 983 2216 inimici
1007 2175 1155 2225 amico,
1189 2176 1265 2217 tibi
1289 2176 1473 2218 omnium
1496 2176 1630 2218 caris-

117 2242 222 2284 simo
255 2243 296 2284 in
336 2243 592 2296 apostasiam
631 2255 925 2285 conuersorum
969 2244 1237 2297 angelorum.
1283 2244 1359 2286 tibi
1393 2245 1460 2298 qui
1494 2245 1630 2286 factus

122 2323 165 2352 es
197 2323 270 2364 per
300 2312 406 2353 hanc
439 2312 746 2366 blasphemiam
776 2313 894 2354 tuam
928 2312 1005 2354 deo
1036 2313 1243 2354 inimicus.

65 2383 97 2409 ⁸0
172 2379 266 2421 VII.
314 2380 471 2434 Accipe
503 2381 631 2436 igitur
661 2381 703 2422 in
737 2382 883 2434 quarto
917 2382 1153 2434 Regnorum
1187 2381 1294 2424 libro
1325 2395 1431 2435 quae
1464 2384 1632 2436 propter

116 2447 190 2489 illa
222 2461 328 2501 quac
361 2450 475 2491 circa
508 2449 783 2491 coinmundos
815 2451 910 2492 tuos
941 2450 1122 2503 gesserit
1143 2451 1280 2494 Iosias
1302 2463 1449 2493 seruus
1474 2451 1629 2493 domini

185 2585 199 2618 1
229 2595 247 2619 e
273 2595 339 2620 om.
366 2597 386 2620 υ
481 2586 503 2620 2
528 2587 639 2621 oziam
746 2588 768 2621 3
797 2569 911 2621 olnam
1006 2588 1027 2621 6
1054 2587 1151 2632 digni
1178 2587 1327 2631 scripsi,
1355 2586 1459 2632 digne
1494 2588 1542 2623 νυ

115 2642 286 2686 conspicis
310 2643 403 2678 coni.
431 2643 615 2678 Latinius
723 2645 760 2679 11
790 2635 1075 2689 praedecessores
1104 2656 1121 2679 υ
1220 2646 1341 2679 nostra
1437 2645 1478 2680 13
1505 2645 1632 2680 elefan-

114 2698 205 2732 ciam
345 2699 436 2744 quod
469 2701 619 2741 addidi,
653 2702 700 2745 cf.
729 2713 768 2746 p.
801 2705 882 2740 211.
917 2704 958 2736 11
1103 2702 1144 2736 15
1182 2701 1311 2736 mentis
1344 2700 1509 2746 adeptum
1541 2703 1633 2738 coni.

115 2754 308 2799 Latinius,
340 2758 469 2792 mentis
503 2758 650 2803 adeptus
675 2760 767 2794 coni.
797 2759 911 2794 Coleti
1045 2759 1086 2793 16
1113 2769 1152 2793 ae
1178 2758 1334 2812 laquaeis
1459 2760 1499 2794 17
1525 2761 1635 2804 quesi-

115 2813 189 2844 tum
316 2813 358 2848 18
384 2813 467 2858 quid
492 2814 687 2859 Latinius,
714 2814 804 2860 quod
837 2816 887 2851 Vv
959 2847 962 2851 .
1017 2816 1058 2850 21
1087 2805 1162 2860 sed]
1189 2816 1219 2851 si
1243 2817 1337 2851 coni.
1362 2817 1545 2853 Latinius

115 2866 157 2900 24
185 2870 451 2915 cumsacrilegos
