1934 3278
1501 255 1589 284 xvll

100 382 245 412 narum
267 368 473 421 exemplar
494 367 581 420 ipse
603 367 768 409 uidetur
792 366 1030 420 inspexisse,
1062 367 1210 419 quibus
1231 378 1302 408 cur
1325 379 1405 409 non
1427 366 1590 420 saepius

98 439 140 480 et
169 436 429 480 constantius
460 448 557 478 usus
590 435 658 486 sit,
690 435 811 477 ualde
841 436 1075 476 mirandum
1106 437 1180 476 est.

154 505 343 548 Ceterum
375 518 425 547 ne
456 505 531 547 hoc
560 504 726 558 quidem
757 503 1002 546 sufficiebat.
1054 502 1250 547 Omnium
1289 504 1471 558 primum
1512 506 1589 558 ipsi

97 575 252 617 codices
293 586 389 615 mss.
438 575 607 615 tandem
645 572 864 625 aliquando
910 572 1087 614 adeundi
1126 575 1257 615 erant.
1308 572 1397 614 Hoc
1435 572 1589 625 primus

95 646 186 698 post
216 643 432 685 Baluzium
465 642 506 685 J.
538 642 586 684 B.
618 641 768 683 Pitra
798 641 918 689 fecit,
966 642 1034 694 qui
1081 641 1122 682 in
1169 640 1375 695 spicilegii
1417 640 1587 683 Solesm.

95 712 303 754 uolumine
333 711 391 752 IV
423 724 462 765 p.
496 711 580 752 224
610 723 696 764 sqq.
742 711 877 752 uarias
923 709 1121 751 lectiones
1168 709 1354 752 codicum
1395 710 1483 756 BA
1521 723 1588 752 ex-

94 781 272 836 scripsit.
323 780 410 832 Quo
442 781 484 821 in
515 792 635 832 opere
666 791 759 821 cum
792 779 952 820 uideret
988 781 1141 831 quanta
1180 778 1349 820 licentia
1380 781 1420 820 et
1450 780 1588 833 negle-

96 850 237 904 gentia
268 849 476 904 Rigaltius
509 849 550 890 in
581 848 759 890 editione
791 848 964 900 egisset,
1011 859 1091 889 non
1135 847 1288 889 iniuria
1319 848 1587 900 proditionem

95 917 230 972 potius
262 918 377 959 illam
410 916 693 959 Commodiani
726 928 849 969 quam
881 915 1103 957 editionem
1133 928 1218 958 esse
1248 916 1362 958 dixit.

151 987 266 1028 Haec
287 987 404 1028 Pitra
425 998 531 1027 anno
558 985 664 1027 1858
686 984 917 1037 scripserat.
957 983 1035 1026 Sed
1067 984 1263 1026 uicesimo
1295 987 1459 1026 demum
1483 997 1587 1027 anno

92 1057 186 1109 post
223 1054 382 1108 prodito
420 1053 709 1096 Commodiano
749 1055 801 1096 ab
831 1054 1054 1095 Ernesto
1087 1054 1299 1107 Ludwig
1340 1054 1587 1095 subuentum

93 1127 166 1174 est,
199 1124 282 1177 qui,
315 1135 408 1165 cum
440 1135 590 1165 nouam
622 1123 843 1165 editionem
860 1120 913 1174 ⁹⁵)
947 1125 1125 1176 pararet,
1158 1125 1204 1163 ut
1232 1134 1355 1176 supra
1377 1123 1461 1164 iam
1483 1123 1586 1164 dixi-

93 1205 199 1241 mus,
245 1192 359 1235 codd.
390 1192 481 1238 BA
526 1192 656 1233 denuo
702 1191 978 1245 perlustrauit
1025 1194 1065 1233 et
1111 1191 1348 1233 Parisinum
1395 1191 1586 1245 inprimis

91 1262 254 1303 secutus
300 1261 519 1314 permultis
565 1260 664 1302 locis
710 1272 849 1301 ueram
897 1259 1120 1301 lectionem
1167 1258 1343 1301 feliciter
1387 1260 1585 1302 restituit.

91 1329 207 1372 Idem
252 1330 293 1371 in
337 1329 592 1382 praefatione
638 1331 881 1383 apparatum
928 1329 1120 1370 criticum
1162 1329 1203 1369 et
1240 1328 1284 1369 in
1331 1328 1408 1369 fine
1454 1328 1586 1371 libelli

91 1398 246 1440 indices
286 1400 474 1440 accurate
512 1399 739 1451 conpositos
778 1397 950 1440 addidit.
1022 1396 1097 1439 Cui
1135 1397 1169 1439 si
1200 1396 1586 1440 Cheltenbamensis

92 1479 249 1521 quoque
279 1467 430 1509 codicis
462 1467 578 1521 copia
609 1469 716 1509 esset
748 1466 866 1516 facta,
898 1467 1030 1508 totam
1061 1467 1227 1508 uidetur
1257 1479 1342 1508 rem
1374 1466 1585 1509 absolutu—

89 1548 158 1578 rus
190 1536 325 1578 fuisse.

330 1651 401 1696 De
437 1649 605 1696 codice
636 1662 722 1695 ms.
756 1648 990 1695 car-minis
1022 1648 1340 1705 apologetici.

146 1741 320 1784 Carmen
353 1741 653 1795 apologeticum
685 1754 763 1783 uno
795 1742 929 1783 codice
961 1753 1037 1783 mS.
1062 1741 1310 1796 continetur,
1345 1742 1415 1795 qui
1437 1744 1479 1784 et
1499 1743 1585 1796 ipse
1604 1753 1670 1813 voa.
1726 1760 1741 1779 e
1775 1760 1790 1780 0
1837 1761 1853 1780 n

87 1810 129 1852 in
169 1809 435 1852 celeberrima
472 1810 548 1852 illa
588 1809 840 1852 bibliotheca
870 1809 1210 1852 Mediomontana
1241 1811 1306 1852 uel
1337 1810 1584 1853 Cheltenha·

87 1879 217 1921 mensi
248 1880 448 1921 seruatur.
495 1879 617 1920 Hunc
648 1878 829 1920 codicem
860 1877 982 1932 paulo
1014 1880 1123 1927 ante,
1155 1891 1279 1932 quam
1304 1879 1412 1932 typis
1435 1879 1583 1921 exscri-

87 1946 270 2000 beretur,
316 1960 362 1988 ex
400 1947 523 1989 Italia
558 1945 697 2000 ‘quasi
728 1958 749 1988 e
780 1948 918 1989 uetere
957 1946 1129 1990 libraria
1163 1944 1374 1990 Bobiensi’
1410 1948 1583 1990 allatum

87 2028 173 2058 esse
203 2016 319 2058 Pitra
355 2016 397 2058 in
436 2015 736 2071 prolegomenis
768 2029 807 2070 p.
838 2016 960 2058 XVII
991 2018 1182 2059 testatur.
1229 2016 1305 2058 Est
1343 2017 1415 2058 ille
1451 2029 1582 2059 mem-

86 2083 327 2135 branaceus,
360 2084 545 2139 signatus
577 2097 746 2127 numero
772 2084 921 2136 12261,
944 2085 1118 2136 2saeculo
1142 2085 1246 2127 V111·
1275 2085 1360 2127 fere
1391 2087 1582 2140 scriptus.

86 2153 136 2195 In
166 2166 211 2196 eo
242 2166 404 2195 carmen
437 2153 739 2207 apologeticum
769 2166 793 2195 a
823 2153 919 2195 folio
946 2154 1042 2195 182v
1074 2167 1200 2207 usque
1231 2155 1280 2196 ad
1313 2153 1460 2195 folium
1487 2155 1583 2195 197v

87 2223 211 2276 patet.
251 2222 446 2264 Extrema
473 2221 626 2277 pagina
654 2221 740 2263 situ
770 2223 811 2263 et
841 2221 965 2263 tineIs
995 2223 1081 2264 tam
1112 2222 1220 2264 male
1251 2222 1398 2264 habita
1428 2224 1503 2276 est,
1536 2224 1583 2264 ut

92 2291 320 2344 scripturae
351 2289 556 2332 interdum
590 2294 662 2332 aut
693 2302 893 2344 perpauca
923 2294 994 2333 aut
1026 2291 1142 2332 nulla
1162 2291 1372 2343 supersint
1394 2291 1580 2344 uestigia.

90 2359 353 2401 Antecedunt
384 2360 584 2412 quaedam
617 2358 838 2413 Augustini
872 2363 913 2400 et
944 2359 1184 2412 Hieronymi
1215 2360 1422 2412 opuscula.
1469 2359 1581 2401 Folio

87 2425 195 2478 1821,
236 2429 283 2470 ut
314 2427 373 2469 ait
404 2426 540 2476 Pitra,
588 2427 688 2468 haec
718 2429 781 2468 est
810 2427 1045 2480 inscriptio:
1085 2425 1259 2479 ‘Incipit
1290 2428 1580 2479 argumentum

86 2494 314 2550 Augustini
347 2495 522 2549 episcopi
544 2496 594 2537 ad
617 2495 815 2549 Alypium
843 2493 1117 2549 episcopum’3
1151 2495 1308 2549 reliqua
1338 2508 1431 2549 pars
1463 2496 1579 2550 pagi-

86 2575 160 2605 nae
192 2576 323 2606 uacua
363 2567 447 2618 est3
494 2564 537 2605 in
579 2565 708 2605 altero
745 2566 884 2606 autem
917 2564 1004 2606 folii
1038 2565 1167 2606 latere
1200 2565 1339 2617 (182')
1371 2565 1482 2607 nullo
1515 2566 1579 2607 uel

85 2632 263 2674 auctoris
295 2633 456 2674 nomine
489 2632 553 2673 uel
585 2633 780 2674 carminis
803 2633 924 2674 titulo
946 2633 1101 2685 scripto
1124 2632 1254 2686 ipsius
1277 2633 1473 2674 carminis
1496 2633 1578 2675 ini-

82 2699 190 2742 tium
220 2700 449 2742 inuenitur:

184 2768 282 2820 Quis
313 2769 466 2823 poterit
495 2781 622 2811 unum
654 2769 816 2823 proprie
851 2770 978 2811 Deum
1014 2780 1131 2810 nosse
1164 2769 1367 2811 caelorum
1401 2772 1478 2812 etc.

86 2843 124 2847 —
140 2870 180 2912 2⁵)
206 2869 344 2914 Lipsiae
370 2871 405 2905 in
431 2870 574 2905 aedibus
599 2870 638 2904 B.
665 2871 705 2905 G.
732 2870 915 2904 '1¹eubneri.
940 2869 1298 2906 MDCCCLXXVIII.

155 2938 230 2973 XV.
1422 2940 1442 2974 b

1742 1799 1773 1811 l!
1744 1752 1771 1779 Ξτ

1791 1762 1835 1816 1¹5
