1934 3278
1563 257 1584 269 ,-

574 257 629 291 De
655 259 777 290 sancto
804 256 1000 291 Athanasio
1026 255 1116 290 liber
1140 256 1165 290 Ι.
1570 261 1618 300 45

119 387 196 426 aut
223 384 377 426 mulier
406 384 480 437 qui
509 383 651 436 fecerit
681 383 920 436 maliynum
959 385 1056 424 ante
1094 383 1311 425 dominum
1342 382 1463 424 deum
1497 386 1615 425 tuum

117 453 302 495 transire
317 452 365 492 in
386 454 677 493 testamentum·
694 451 793 500 eius,
815 454 851 492 et
874 451 1084 492 uenientes
1104 450 1331 492 seruierint
1356 450 1439 492 diis
1460 451 1617 493 alienis

117 524 154 564 et
183 521 463 562 adorauerint
491 533 557 562 eos
588 522 665 561 aut
694 519 774 561 soli
804 522 879 560 aut
910 518 1037 560 lunae
1068 522 1143 560 aut
1173 519 1302 568 omni,
1334 520 1408 571 qui
1439 523 1537 561 sunt
1569 521 1616 561 in

118 588 275 630 mundo
306 588 355 630 de
385 587 511 640 caelo,
546 587 587 628 et
607 586 735 628 infra:
762 587 965 639 produces
990 587 1134 628 uirum
1159 586 1283 628 illum
1304 590 1382 628 aut
1401 587 1617 630 mulierem

119 657 258 709 illam,
291 660 327 698 et
360 656 609 710 lapidabitis
638 656 774 698 cosin
796 655 1024 709 lapidibus,
1057 659 1094 697 et
1115 657 1360 698 morientur.
1393 657 1440 697 in
1461 657 1619 698 duobus

119 726 290 768 testibus
321 728 394 766 aut
425 725 474 766 in
504 724 639 766 tribus
668 724 886 768 morietur.
920 725 1104 766 moriens
1126 738 1213 766 non
1234 725 1435 766 morietur
1459 726 1507 766 in
1534 739 1620 766 uno

120 797 228 837 teste.
261 796 300 836 et
330 806 484 835 manus
515 794 680 835 testium
717 794 796 835 erit
833 806 961 846 super
1002 807 1095 835 eum
1135 794 1185 835 in
1216 794 1376 847 primis
1417 794 1472 835 ad
1512 795 1617 836 occi-

118 863 303 905 dendum
324 862 464 916 illum,
487 864 525 903 et
544 874 699 903 manus
721 862 847 903 totius
859 861 995 915 plebis
1008 865 1230 915 postremo.
1284 865 1321 904 et
1352 862 1470 904 tolles
1490 863 1616 905 mali—

116 945 248 985 qnum
280 944 329 973 ex
349 931 465 972 uobis
495 931 614 984 ipsis.
647 930 781 972 sinon
806 943 863 980 es,
898 929 1128 980 Constanti,
1162 943 1331 972 currens
1363 944 1459 973 eum
1482 931 1617 973 male-

70 1014 102 1039 10
120 999 255 1049 dictis,
289 1012 362 1041 eur
393 1011 472 1040 non
502 998 711 1040 mandatis
745 999 810 1040 dei
843 999 954 1040 serui
983 999 1158 1052 paruisti
1190 999 1356 1054 Moysi?
1402 1013 1488 1050 eur,
1522 1013 1616 1041 cun]

118 1068 189 1110 ille
222 1068 335 1110 dicat
375 1067 536 1109 duobus
576 1068 764 1110 tribusne
795 1068 974 1109 testibus
1015 1068 1140 1109 etiam
1171 1068 1437 1110 idololatrein
1468 1070 1616 1122 perire,

119 1138 165 1179 tu
196 1150 270 1179 nec
305 1137 473 1191 quidem
507 1136 762 1178 audientiam
795 1137 975 1178 uolueris
1006 1137 1196 1190 praeberi
1235 1137 1323 1179 uiro
1367 1137 1444 1179 deo
1479 1138 1617 1179 dicato

121 1205 239 1260 eique
272 1218 424 1260 negare
455 1206 591 1248 fecisti
632 1206 902 1256 audientiam,
946 1207 1013 1247 eui
1054 1206 1110 1247 sis
1142 1206 1322 1248 traditus
1366 1220 1389 1248 a
1431 1206 1529 1250 deo.
1581 1207 1616 1248 ei

119 1275 186 1316 cui
229 1275 263 1316 si
308 1275 419 1317 iusta
465 1274 703 1317 defendenti
752 1275 984 1325 restiteris,
1032 1275 1164 1316 morte
1205 1275 1310 1316 mori
1362 1275 1500 1317 iussus
1548 1288 1617 1317 ore

68 1354 100 1380 1⁵
119 1343 246 1385 fueris
283 1344 443 1399 Moysi?
504 1344 551 1385 ut
582 1343 691 1386 enim
726 1343 882 1385 iudicia
913 1343 1143 1385 sacerdotis
1174 1345 1371 1386 maneant
1402 1344 1618 1386 inuiolata.

121 1412 222 1454 dicit
261 1413 342 1454 sic:
389 1425 617 1468 exsuryens
656 1413 851 1454 ascendes
898 1413 946 1454 in
985 1412 1119 1454 locum
1158 1425 1413 1467 quocumque
1453 1413 1620 1467 eleqerit

118 1481 313 1523 dominus
351 1482 450 1524 deus
488 1485 585 1523 tuus
622 1482 817 1523 inuocari
856 1495 1005 1522 nomen
1043 1482 1132 1522 eius
1168 1480 1241 1524 ibi.
1293 1485 1330 1523 et
1370 1481 1533 1535 loquere
1562 1481 1621 1523 ad

120 1550 353 1591 sacerdotes
385 1550 539 1591 leuitas
570 1553 644 1592 aut
674 1550 731 1591 ad
764 1550 952 1603 iudicem,
984 1551 1231 1604 quicumque
1251 1551 1390 1603 faetus
1419 1550 1620 1603 fueritin

119 1617 262 1659 diebus
292 1617 392 1670 illis,
424 1621 460 1659 et
492 1619 746 1671 requirentes
776 1618 1038 1660 nuntiabunt
1066 1619 1141 1661 tibi
1173 1619 1380 1661 iudicium
1419 1622 1457 1660 et
1486 1620 1621 1672 facies

69 1696 102 1722 20
120 1686 351 1728 secundum
394 1700 513 1728 omne
552 1690 839 1740 praeceptum,
886 1687 1168 1741 quodcumque
1207 1688 1505 1729 nuntiauerint
1547 1687 1621 1729 tibi

122 1756 196 1809 qui
227 1758 325 1796 sunt
356 1755 404 1796 in
436 1755 518 1796 loco
538 1755 625 1809 illo,
656 1757 704 1796 in
726 1769 805 1808 quo
825 1756 944 1810 eleqit
964 1756 1160 1798 dominus
1181 1756 1282 1797 deus
1303 1759 1400 1797 tuus
1421 1756 1620 1797 inuocari

122 1837 275 1866 nomen
306 1823 426 1865 illius
456 1823 527 1879 ibi,
560 1826 598 1866 et
629 1823 802 1866 obse-rua
833 1827 868 1865 te
898 1825 1039 1866 nimis.
1070 1824 1202 1878 facies
1221 1824 1449 1866 seeundum
1475 1824 1621 1865 omnia

121 1906 402 1947 quaecumque
435 1892 737 1934 constituerunt
768 1892 856 1933 tibi.
907 1892 1135 1934 secundum
1167 1892 1293 1946 leyem
1323 1895 1359 1933 et
1390 1891 1622 1934 secundum

120 1961 324 2004 iudicium
355 1961 634 2015 quodcumque
664 1961 847 2003 dixerint
877 1960 1020 2015 facies,
1052 1974 1139 2002 non
1169 1960 1400 2002 declinabis
1431 1974 1458 2001 a
1494 1961 1620 2002 uerbo

70 2047 103 2074 25
120 2031 403 2084 quodcumque
434 2029 735 2071 nuntiauerint
756 2029 845 2083 tibi,
874 2030 1007 2083 facies
1029 2029 1311 2083 quodcumque
1331 2029 1622 2071 iudicauerint

122 2098 210 2153 tibi,
243 2111 330 2139 non
361 2097 592 2139 declinabis
622 2097 771 2139 dextra
802 2100 878 2138 aut
907 2098 1102 2139 sinistra.
1161 2100 1199 2139 et
1228 2097 1346 2140 homo
1375 2099 1624 2151 quicumque

119 2166 261 2220 fecerit
292 2167 341 2207 in
369 2166 582 2220 superbia,
616 2179 668 2207 ne
698 2166 852 2207 audiat
881 2166 1109 2208 sacerdotes
1141 2166 1357 2208 adstantes
1387 2167 1530 2220 officia
1551 2180 1621 2208 ex-

121 2235 259 2277 hibere
304 2236 352 2276 in
392 2235 563 2276 nomine
600 2235 764 2276 domini
803 2234 869 2276 dei
909 2237 985 2275 aut
1029 2234 1154 2276 iudex
1198 2235 1448 2288 quicumque
1493 2235 1622 2287 fuerit

122 2305 170 2346 in
199 2304 339 2346 diebus
361 2303 463 2358 illis,
495 2304 698 2345 morietur
728 2303 843 2345 homo
873 2303 955 2357 ille,
986 2306 1024 2345 et
1053 2303 1168 2346 tolles
1199 2304 1359 2345 malum
1389 2303 1438 2344 de
1470 2302 1622 2344 Israel.

71 2387 106 2413 ω
126 2375 163 2415 et
193 2373 331 2414 omnis
355 2371 542 2426 populus
573 2372 752 2414 audiens
783 2371 943 2414 timebit
972 2375 1011 2414 et
1040 2385 1123 2413 non
1156 2372 1283 2424 impie
1314 2374 1404 2425 aqet
1439 2370 1566 2413 ultra.

259 2475 279 2507 4
304 2475 409 2508 Dent.
436 2474 490 2512 17,
518 2475 604 2507 5-7
702 2475 742 2507 16
768 2473 814 2507 ib.
844 2474 895 2511 17,
921 2473 1033 2508 8—13

190 2587 211 2621 2
236 2588 270 2622 in
297 2599 362 2622 om.
390 2588 571 2622 Latinius
689 2588 707 2621 7
734 2585 982 2649 hoccidenduin
1092 2586 1112 2620 8
1137 2573 1291 2629 maligni)
1317 2585 1349 2628 (ῑῑ
1376 2598 1418 2620 m.
1447 2588 1530 2627 rec.)

938 2637 947 2648 1
1275 2637 1285 2649 .

123 2657 166 2692 10
190 2656 320 2702 Moysis
345 2668 365 2691 v
466 2657 504 2691 11
534 2655 756 2691 idololatram
785 2668 801 2689 ι·
896 2665 976 2699 pere
1086 2656 1124 2689 12
1150 2655 1299 2689 uoluerit
1326 2658 1348 2697 (⁸
1375 2666 1417 2688 m.
1447 2662 1529 2693 rec.)

124 2714 166 2748 13
191 2713 255 2748 deo
281 2714 324 2758 ei]
351 2714 490 2758 inquam
517 2713 606 2747 add.
631 2713 707 2765 ⁸21·
734 2724 775 2746 m.
801 2723 869 2746 rec.
977 2711 1019 2744 14
1045 2711 1073 2744 si
1099 2711 1149 2744 ius
1176 2710 1205 2743 si
1229 2711 1321 2744 iusta
1429 2710 1469 2743 15
1495 2709 1625 2754 Moysis

121 2793 142 2817 v
247 2783 289 2817 16
315 2781 505 2817 ascendens
622 2769 833 2827 qusscumque
866 2782 899 2822 (ἴ
931 2791 972 2814 m.
1002 2781 1084 2821 rec.)
1183 2778 1223 2812 17
1250 2778 1387 2823 loquere
1419 2779 1479 2815 Vr.
1506 2779 1624 2812 uenies

125 2861 316 2903 Latinius,
343 2858 465 2906 ἑλεύσῃ
492 2861 606 2896 LXX
700 2860 744 2894 20
769 2870 904 2915 omnein
998 2859 1041 2893 ⁶28
1066 2837 1169 2914 iut'lce}¹
1195 2860 1260 2883 ΛΜ
1289 2871 1329 2892 m.
1359 2868 1440 2901 rec.)
