1934 3278
315 303 467 332 XXVIII

319 415 524 459 minicnm
552 428 714 468 ,areyem
737 418 941 466 pastores.
991 414 1140 455 alludit
1166 414 1219 455 ad
1252 414 1472 467 epistulam
1503 415 1653 469 Ephes.
1687 417 1726 466 4,
1762 419 1815 460 14

318 487 363 525 iit
407 485 495 524 iam
538 497 623 524 non
667 484 799 524 simus
835 483 1019 535 parituli
1054 487 1088 524 et
1137 484 1485 537 circumferamur
1530 486 1646 526 omni
1690 490 1813 528 uento

317 554 544 596 doctrinae.
596 553 639 593 id
683 553 820 593 autem
857 552 991 593 uoluit
1023 552 1303 603 Constantius,
1348 553 1394 593 ut
1427 553 1492 594 dei
1523 555 1712 607 pastores
1745 556 1814 609 qui

319 634 443 674 supra
476 621 629 662 domini
661 632 831 674 gregem
861 620 986 673 positi
1020 621 1137 662 erant
1167 621 1213 661 ut
1243 621 1331 674 ipso
1356 624 1524 676 (tecam)
1557 624 1815 677 susciperent

319 690 524 731 haeresim
558 690 598 730 et
630 702 653 730 a
682 689 823 730 radice
856 689 1037 742 separati
1062 689 1264 731 ecclesiae
1297 690 1672 733 circumferrentur.
1707 706 1812 746 quae

319 771 414 800 cum
449 759 580 800 Tilius
621 771 699 799 non
740 758 1018 811 intellegeret,
1059 761 1107 800 at
1137 762 1173 800 te
1214 772 1305 800 cnm
1348 760 1462 800 omni
1493 764 1615 801 nento
1645 786 1699 792 —
1731 762 1814 802 cir-

317 828 521 880 cumferre
561 827 727 879 scripsit
762 827 802 867 et
832 827 944 867 mala
977 826 1241 868 distinctione
1274 840 1379 880 quae
1412 829 1639 881 sequuntur
1671 842 1814 871 corru-

317 896 390 949 pit.
433 897 540 936 hunc
573 909 671 937 uero
697 895 884 937 aduerbii
906 909 1026 937 usum
1052 895 1104 936 ad
1129 896 1376 937 Tertulliani
1399 897 1629 950 exemplum
1649 897 1815 939 Lucifer

320 964 433 1004 amat
467 965 534 1017 (cl'.
569 964 651 1004 ind.
685 977 721 1016 p.
756 965 871 1017 352),
920 964 989 1017 qui
1021 965 1116 1014 250,
1149 965 1199 1005 21
1235 968 1280 1006 tn
1318 978 1416 1006 nero
1455 979 1616 1018 semper
1652 967 1699 1007 in
1729 969 1814 1007 tor-

320 1036 458 1074 menta
491 1033 696 1083 abituras,
729 1033 753 1074 i.
789 1046 822 1074 e.
863 1033 902 1074 in
937 1034 1199 1086 sempiterna,
1244 1034 1288 1074 ut
1322 1034 1604 1075 Tertullianus
1636 1035 1686 1076 de
1717 1035 1814 1087 pall.

318 1114 352 1143 c.
390 1103 408 1142 1
443 1102 662 1154 principes
693 1115 851 1154 semper
881 1102 1069 1155 Africae,
1105 1102 1217 1142 dixit.
1280 1102 1375 1152 265,
1409 1103 1464 1144 20
1496 1103 1611 1155 apud
1642 1103 1817 1144 Niciam

317 1171 567 1223 descriptam
598 1171 721 1223 fidem
751 1170 887 1223 fecisti
917 1171 1119 1211 indicari
1153 1174 1240 1224 (-re
1270 1171 1324 1223 V)
1358 1171 1635 1223 haereticam;
1676 1171 1815 1224 sequi-

317 1240 385 1280 tur
407 1239 709 1291 blasphemiam
743 1242 859 1279 tizam
891 1240 1027 1292 fecisti
1057 1240 1143 1280 dici
1175 1239 1436 1290 catholicam,
1470 1252 1602 1292 neque
1636 1240 1817 1292 episcopi

318 1308 570 1349 Ariminensi
613 1307 787 1349 concilio
832 1308 1071 1361 congregati
1112 1320 1213 1360 quos
1258 1307 1302 1348 id
1338 1307 1476 1349 facere
1514 1308 1695 1349 iusserat
1733 1308 1817 1350 ullo

317 1378 444 1418 uerbo
476 1376 723 1417 indicantur.
746 1402 799 1406 —
822 1377 917 1427 221,
950 1377 974 1417 6
1006 1380 1162 1428 quanto
1195 1377 1330 1430 magns
1361 1389 1434 1417 nos
1466 1377 1601 1430 diyni
1635 1379 1730 1429 (-ne
1760 1377 1814 1429 V)

318 1449 367 1497 te,
408 1446 609 1498 conspice,
645 1459 693 1486 ex
724 1445 896 1486 ecelesia
920 1445 1075 1497 pellere
1107 1445 1278 1494 Christi,
1311 1445 1335 1485 i.
1371 1457 1404 1486 e.
1438 1445 1629 1498 conspice
1662 1446 1816 1498 quanto

319 1527 392 1556 nos
424 1514 558 1567 inagis
591 1514 703 1567 digni
736 1514 864 1554 simus
896 1514 964 1554 uel
984 1514 1049 1555 ius
1081 1514 1323 1563 habeamus,
1349 1513 1399 1554 de
1423 1526 1505 1566 qua
1526 1514 1642 1555 uocis
1663 1515 1818 1567 diynns

319 1583 621 1636 significatione
665 1583 706 1623 et
747 1582 881 1635 ellipsi
924 1582 973 1623 cf.
1005 1582 1087 1623 ind.
1121 1595 1158 1635 p.
1192 1582 1286 1623 360.
1319 1607 1374 1612 -—
1408 1583 1472 1632 12,
1508 1582 1558 1622 16
1591 1582 1689 1623 haec
1720 1585 1819 1623 sunt

320 1653 623 1694 »meditationes
658 1652 737 1705 (-is
769 1651 823 1703 V)
866 1655 1039 1692 uestrae.
1087 1651 1297 1704 genitiuus
1328 1650 1583 1702 insolentior,
1625 1652 1817 1692 neutrum

317 1721 416 1763 haec
467 1735 562 1763 nero
612 1720 698 1761 sine
751 1719 972 1761 offensione
1026 1719 1100 1761 est.
1183 1719 1259 1769 24,
1309 1718 1364 1760 30
1414 1720 1452 1760 si
1495 1743 1550 1749 ——
1595 1720 1819 1773 intelteyis

321 1794 405 1844 (-es
437 1790 505 1842 V),
540 1790 742 1842 conspice.
797 1789 864 1839 58,
894 1790 921 1829 4
951 1789 1020 1829 sed
1051 1789 1151 1841 qnid
1182 1790 1338 1830 sentis?
1378 1788 1496 1829 credo
1518 1814 1573 1818 —
1596 1788 1705 1830 dices
1738 1790 1819 1843 (-is

318 1859 389 1911 V),
436 1859 514 1899 nisi
554 1858 721 1899 solitum
760 1857 854 1910 post
892 1859 1008 1899 credo
1043 1856 1213 1898 modun]
1248 1858 1401 1911 (dicas)
1435 1857 1694 1909 praetuleris.
1748 1857 1816 1908 62,

319 1928 375 1968 20
405 1928 580 1968 desines
615 1927 695 1980 (-is
717 1926 771 1979 V)
805 1928 984 1978 inquam
1016 1926 1148 1967 dicere
1183 1925 1416 1979 (praeeedit
1446 1925 1472 1965 l.
1500 1926 1550 1967 16
1583 1926 1670 1966 iam
1703 1928 1819 1968 credo

317 2033 373 2038 ——
405 2008 574 2049 desinas
606 2007 771 2059 dicere).
828 2007 921 2056 161,
954 2006 1006 2046 27
1039 2006 1109 2047 sed
1140 2006 1258 2047 credo
1291 2005 1429 2047 adhuc
1459 2009 1645 2058 temptes
1678 1989 1759 2062 (-is
1781 2006 1816 2046 V

319 2089 421 2118 corr.
454 2090 507 2117 m.
537 2077 655 2128 rec).
707 2076 799 2127 187,
833 2075 887 2116 20
918 2075 1034 2116 homo
1064 2075 1136 2127 qui
1172 2101 1226 2105 —
1254 2075 1497 2127 proscribas
1519 2101 1586 2124 -—‚
1620 2065 1818 2127 deportes

320 2147 402 2201 (-is
436 2147 480 2196 V,
514 2146 710 2198 deportas
740 2147 795 2197 v),
848 2148 1048 2196 torqueas,
1089 2147 1298 2196 postremo
1343 2144 1586 2196 interficias.
1652 2145 1745 2194 112,
1792 2144 1816 2185 8

319 2227 405 2255 non
438 2213 597 2267 legeras
628 2213 833 2265 scriptum
860 2238 913 2242 -—
948 2215 992 2253 at
1023 2213 1287 2253 innocentem
1319 2215 1450 2252 tecum
1482 2225 1557 2254 nos
1592 2213 1818 2265 interficere

317 2282 520 2323 traheres
554 2283 634 2335 (-is
665 2282 733 2334 V).
790 2282 882 2331 198,
919 2281 968 2322 17
1010 2281 1112 2334 qnid
1152 2281 1227 2322 tibi
1258 2282 1399 2321 nisnm
1431 2284 1490 2322 est
1520 2284 1568 2322 nt
1596 2282 1818 2322 innitaris

317 2352 374 2392 ad
406 2351 675 2392 homicidium
708 2351 963 2404 faciendum.
1013 2349 1206 2402 proposui
1238 2349 1447 2390 innitares
1479 2349 1552 2390 sed
1585 2348 1688 2389 nihil
1717 2361 1813 2389 mu-

317 2420 492 2460 tandum
534 2420 596 2460 est
639 2420 706 2474 (cf.
750 2419 832 2459 ind.
866 2422 1050 2470 tempora
1080 2431 1118 2471 p.
1151 2417 1267 2469 376).
1298 2442 1353 2446 —-
1388 2416 1481 2466 109,
1525 2417 1577 2458 15
1617 2418 1817 2459 intendet

321 2489 398 2540 (-it
431 2488 483 2540 V)
526 2502 670 2529 areum
714 2489 895 2542 (ἐντενεῐ
924 2488 970 2528 τὸ
1002 2486 1159 2538 τόξον).
1212 2486 1307 2536 320,
1341 2486 1365 2526 8
1404 2488 1439 2525 et
1482 2484 1550 2526 hic
1580 2485 1817 2537 probabiles

318 2556 392 2596 deo
424 2557 617 2596 ostendit
651 2559 732 2609 (-et
765 2556 817 2607 V)
851 2559 886 2597 et
924 2556 1012 2596 iam
1049 2556 1105 2596 ad
1149 2554 1342 2606 futuram
1384 2552 1566 2606 yloriain
1611 2556 1816 2606 martyres

318 2625 570 2677 desiynanit.
604 2650 658 2654 -—
687 2625 754 2674 27,
791 2625 844 2665 14
887 2627 934 2664 nt
979 2624 1232 2676 fermentant
1276 2622 1407 2671 fnisse
1451 2622 1689 2663 doctrinam
1730 2635 1817 2663 non

319 2706 484 2742 sanam,
524 2706 651 2744 quam
691 2693 886 2734 uidelicet
915 2719 969 2723 —
993 2692 1236 2745 proferitis
1270 2690 1550 2745 (proplieretis
1582 2690 1635 2742 V)
1669 2691 1814 2732 haere-

319 2761 404 2811 tici,
452 2761 568 2801 nobis
612 2762 917 2813 manifestaret,
965 2761 1153 2813 seqnitur
1191 2760 1418 2811 scriptura.
1471 2758 1512 2798 in
1558 2758 1690 2799 forma
1735 2770 1814 2799 non

319 2828 573 2870 haerendum
608 2830 682 2878 est,
716 2829 1028 2871 concedendum
1059 2829 1199 2869 tamen
1232 2826 1543 2869 coniunctiuum
1568 2827 1816 2880 proferretis

320 2900 370 2940 ab
418 2897 627 2938 enuntiato
673 2898 848 2939 relatiuo
896 2898 1077 2939 alienum
1123 2909 1201 2938 non
1246 2907 1349 2937 esse.
1405 2895 1498 2946 124,
1532 2896 1585 2936 23
1617 2895 1814 2948 quomodo
