1934 3278
492 239 545 273 De
570 241 690 273 sancto
715 238 909 273 Athanasio
935 239 1026 274 liber
1048 239 1074 273 I.
1479 240 1532 282 97

41 365 160 408 hodie
188 366 238 406 in
265 365 374 420 iyne,
411 367 459 406 ut
496 364 634 406 sciant
673 364 812 406 omnis
847 363 1027 417 populus
1066 363 1147 416 hic,
1187 364 1389 416 quoniam
1419 367 1464 405 tu
1495 378 1535 405 es

40 434 236 476 dominus
264 433 363 475 deus
393 432 530 474 Israel
550 435 587 474 et
608 445 678 487 eqo
697 444 845 474 seruus
868 435 978 483 tuus,
1011 434 1051 473 et
1075 434 1248 485 propter
1276 435 1314 473 te
1332 431 1414 484 feci
1435 432 1535 474 haec

41 515 175 555 opera,
209 504 247 543 et
277 504 323 543 tu
352 502 536 543 uersasti
566 515 638 543 eor
658 501 813 554 populi
842 500 971 542 huius
999 503 1122 543 retro.
1180 503 1219 542 et
1248 500 1393 542 cecidit
1423 502 1537 555 iynis

42 585 69 612 a
97 572 267 612 domino
297 570 348 612 de
377 569 501 620 caelo,
531 573 570 611 et
598 570 773 612 comedit
800 569 1044 611 holocausta
1073 571 1113 611 et
1140 569 1276 611 scizas
1313 572 1352 611 et
1380 583 1533 622 aquam

8 660 25 686 ⁵
40 652 147 693 quae
176 642 266 681 erat
295 639 346 680 in
367 638 515 693 altare,
538 642 576 680 et
597 638 758 691 lapides
778 641 818 680 et
837 641 992 680 terram
1014 638 1147 680 linxit
1165 638 1294 692 iynis.
1335 641 1372 680 et
1393 640 1540 681 cecidit

43 710 151 749 totus
174 709 363 760 populus
393 719 520 760 super
548 707 701 760 faciem
730 720 853 748 suam
884 710 920 748 et
949 707 1080 749 dioeit:
1108 720 1204 749 uere
1223 707 1419 749 dominus
1439 708 1539 749 deus

42 777 130 829 ipse
159 779 216 818 est
245 776 356 817 deus.
389 779 426 817 et
451 775 563 817 diaeit
592 775 744 817 Helias
764 775 821 817 ad
836 776 1069 828 populum:
1099 776 1296 828 suscipite
1308 775 1539 829 prophetas

44 844 175 897 Bet-al,
208 858 326 886 nemo
356 845 411 886 sit
433 844 578 885 saluus
599 857 650 885 ex
670 843 772 885 illis.
814 847 850 885 et
881 848 1149 896 susceperunt
1167 844 1277 895 illos,
1308 847 1346 885 et
1365 844 1538 887 deduxit

44 912 138 955 illos
166 913 321 955 Helias
350 914 406 956 ad
444 916 667 955 torrentem
707 912 835 955 Cison
872 916 910 954 et
939 913 1089 955 occidit
1119 913 1214 956 illos
1243 913 1318 966 ibi,
1361 916 1400 955 et
1428 914 1521 955 dixi
1527 917 1542 953 t

0 992 26 1019 ιο
43 982 99 1024 ad
129 981 299 1023 Achab:
328 981 543 1023 manduca
574 984 611 1023 et
632 981 732 1035 bibe,
764 982 968 1035 quoniam
996 995 1081 1023 uox
1101 984 1161 1024 est
1171 982 1327 1035 pedum
1340 982 1537 1035 pluuiae.

43 1053 79 1092 et
109 1050 295 1092 ascendit
317 1050 472 1103 Achab,
504 1053 551 1092 ut
571 1051 849 1092 manducaret
869 1053 906 1092 et
930 1050 1091 1092 biberet.
1122 1054 1160 1092 et
1181 1051 1332 1093 Helias
1352 1051 1521 1093 ascendi
1526 1055 1540 1090 t

46 1121 90 1161 in
122 1119 374 1171 Carmelum,
421 1123 458 1161 et
495 1119 728 1161 inclinauit
764 1132 806 1160 se
845 1119 894 1160 in
925 1121 1082 1160 terram
1127 1122 1165 1160 et
1199 1120 1345 1172 posuit
1384 1120 1538 1172 faciem

42 1201 163 1230 suam
192 1188 305 1230 inter
338 1201 475 1241 yenua
513 1191 549 1229 et
588 1188 702 1230 dixit
743 1201 871 1241 puero
906 1199 999 1229 suo:
1046 1191 1222 1229 ascende
1268 1190 1307 1229 et
1347 1188 1541 1241 prospice

44 1257 161 1298 uiam
190 1257 338 1298 maris.
397 1259 436 1298 et
464 1257 648 1310 respexit
675 1271 795 1310 puer,
835 1259 873 1299 et
903 1256 1016 1298 dixit
1037 1269 1174 1309 puer:
1211 1269 1296 1298 non
1326 1262 1383 1298 est
1413 1255 1540 1298 nihil.

0 1333 27 1359 ¹⁵
45 1326 279 1380 circumaye
309 1329 346 1367 te
375 1326 532 1378 septies.
581 1329 618 1367 et
659 1325 821 1378 factum
850 1328 909 1368 est
937 1325 986 1367 in
1016 1326 1202 1379 septimo,
1235 1329 1271 1368 et
1302 1339 1387 1368 eece
1418 1325 1543 1367 nubis

41 1394 203 1447 pusilla
239 1395 362 1448 quasi
399 1395 624 1448 uestiyium
663 1394 848 1436 hominis
887 1395 1098 1438 adducens
1139 1409 1298 1449 aquam
1335 1395 1384 1437 de
1414 1394 1542 1436 mari.

45 1466 83 1505 et
110 1463 220 1505 dixit
248 1463 319 1505 illi
349 1463 521 1505 Helias:
561 1463 737 1506 ascende
775 1466 812 1505 et
840 1464 909 1506 dic
930 1464 988 1506 ad
1010 1463 1180 1506 Achab:
1209 1465 1338 1518 iunye
1368 1476 1542 1506 currum

47 1535 165 1573 tuum
194 1535 232 1574 et
262 1533 455 1583 ascende,
501 1546 554 1574 ne
592 1532 902 1586 conprehendat
933 1535 969 1574 te
991 1533 1161 1586 pluuia.
1223 1535 1262 1574 et
1289 1532 1451 1584 factum
1482 1535 1543 1573 est

47 1599 146 1642 hinc
176 1603 214 1641 et
242 1601 354 1648 inde,
387 1604 424 1642 et
454 1601 616 1642 caelum
647 1600 1000 1642 contenebricauit
1031 1601 1207 1642 nubibus
1246 1603 1286 1642 et
1321 1601 1472 1653 uentis,
1505 1603 1545 1641 et

0 1680 31 1707 ιο
47 1670 164 1722 faeta
194 1673 252 1710 est
274 1670 437 1722 pluuia
466 1683 638 1723 mayna.
670 1672 706 1710 et
731 1669 932 1721 plorabat
961 1671 1000 1710 et
1028 1669 1114 1710 iba-t
1145 1668 1290 1711 Achab
1321 1669 1369 1710 in
1390 1667 1540 1722 Israel,

48 1741 85 1780 et
115 1751 267 1779 manus
295 1738 459 1780 domini
489 1740 581 1778 erat
613 1738 659 1778 in
690 1738 878 1780 Heliam.

105 1806 259 1847 XVIII.
294 1806 522 1859 Cognoseis
552 1806 593 1847 in
626 1818 709 1859 qua
738 1806 1013 1859 peruersitate
1036 1805 1158 1847 hodie
1189 1806 1235 1847 tu
1268 1805 1324 1847 sis
1355 1816 1541 1855 manens,

48 1875 89 1916 in
121 1887 202 1928 qua
231 1875 433 1916 manserit
464 1875 506 1916 et
536 1875 701 1922 Achab;
745 1874 796 1915 de
834 1874 962 1915 tantis
1004 1874 1155 1915 etenim
1198 1874 1326 1927 signis
1368 1885 1413 1914 ac
1446 1885 1544 1926 pro-

52 1942 174 1996 dig-iis
206 1943 399 1985 exhibitis
431 1956 510 1985 non
543 1943 739 1997 dignatur
770 1943 954 1996 gaudere
986 1955 1080 1983 cum
1111 1942 1275 1995 populo,
1310 1941 1384 1983 sed
1416 1940 1543 1990 dolet,

1 2018 33 2044 ’ὅ
50 2024 125 2054 eur
143 2012 289 2054 Helias
312 2012 555 2054 sacerdotes
583 2024 629 2053 ac
653 2011 876 2064 prophetas
897 2010 1023 2052 fuerit
1043 2009 1248 2052 idolorum
1272 2022 1397 2051 ausus
1418 2009 1545 2050 inter-

51 2080 188 2131 ficere,
230 2094 305 2122 nee
336 2081 430 2134 post
459 2081 578 2121 tanta
609 2079 804 2133 dignatur
843 2079 974 2120 semet
1006 2079 1168 2120 uertere
1209 2078 1262 2119 ad
1294 2078 1430 2127 deum,
1472 2076 1545 2118 sed

51 2149 183 2202 magis
217 2149 350 2190 adhuc
384 2149 473 2190 eius
503 2148 765 2201 persequitur
797 2146 1011 2188 cultorem.
1072 2145 1190 2187 uidet
1220 2146 1318 2199 quia
1349 2146 1412 2187 est
1444 2145 1546 2185 deus

52 2216 91 2258 in
121 2217 257 2267 Helia,
292 2218 334 2258 et
363 2217 498 2269 magis
530 2216 694 2269 quaerit
725 2217 814 2257 eius
846 2215 1038 2256 animam.
1100 2214 1303 2267 conspicit
1324 2214 1546 2267 prophetas

53 2285 156 2326 Baal
192 2286 233 2327 et
263 2285 451 2326 lucorum
483 2284 610 2326 fuisse
644 2283 956 2325 daemoniorum
988 2283 1183 2335 cultores,
1218 2283 1259 2323 et
1286 2282 1380 2323 illos
1411 2281 1545 2334 magis

4 2362 36 2389 ⁸⁰
55 2353 178 2394 etiam
213 2353 415 2394 extinctos
448 2352 586 2405 diligit
616 2365 739 2405 quam
774 2364 867 2393 eum
900 2364 1022 2404 quem
1052 2351 1116 2392 tot
1140 2350 1275 2392 modis
1307 2350 1548 2391 aduerterat

55 2419 120 2462 dei
152 2421 441 2463 domesticum.
474 2420 535 2461 ita
565 2420 607 2461 et
636 2420 680 2460 tu
706 2432 775 2461 eos
808 2419 990 2473 dignaris
1023 2419 1196 2472 diligere
1228 2431 1330 2471 quos
1362 2417 1547 2458 haeresis

54 2488 252 2530 Arrianae
285 2489 424 2530 sectae
454 2488 576 2530 uides
606 2488 794 2530 homines
827 2488 868 2528 et
900 2500 943 2529 es
977 2487 1043 2528 dei
1074 2487 1256 2528 cultores
1279 2499 1402 2539 quam
1426 2497 1545 2526 acer-

121 2624 142 2658 8
167 2624 382 2659 deduxerunt
490 2625 511 2659 9
536 2627 574 2659 at
599 2636 641 2659 m.
669 2628 687 2658 1
799 2623 841 2656 10
867 2600 952 2666 acaf)
978 2623 1005 2663 e·
1031 2634 1074 2657 m.
1101 2626 1185 2666 rec.)
1305 2622 1343 2655 11
1371 2621 1457 2684 agab

54 2691 98 2725 20
120 2691 227 2727 Israel
258 2693 318 2732 Vv,
342 2689 490 2735 Ἰεζράελ
515 2692 630 2727 LXX
745 2690 788 2725 22
814 2692 848 2724 in
874 2701 915 2724 ea
941 2691 1020 2734 quia
1045 2690 1133 2732 sort.
1250 2689 1293 2724 23
1319 2690 1428 2734 aeaph
1455 2690 1479 2733 θ’
1504 2702 1556 2724 ἠιμ

55 2784 138 2825 rec.)
277 2782 483 2817 24vexibitis
621 2782 665 2815 25
689 2792 748 2816 cur
770 2770 808 2824 (5ι
831 2793 873 2815 m.
899 2782 984 2823 rec.)
1118 2780 1285 2814 idolorum
1310 2780 1415 2815 fuerit
1442 2792 1460 2814 v

56 2837 98 2873 29
123 2838 228 2873 bahal
321 2840 360 2873 31
388 2839 552 2885 haeresis]
577 2840 718 2874 haerere
743 2840 830 2882 fort.

125 2906 230 2941 XIIII.
