1934 3278
281 247 364 288 202

284 371 412 405 ciuitas
438 386 481 400 =
509 372 591 405 urbs
617 371 655 406 ΙΙ
681 372 713 414 3,
748 372 779 404 1.
811 372 864 405 14.
890 373 930 404 Α.
956 372 1033 406 975.

331 417 408 452 979.
436 418 521 450 1031

283 462 399 496 clades
435 478 479 491 z
503 463 639 497 malum
676 464 716 496 A.
757 462 834 496 164.
871 478 914 493 =

329 509 418 543 cella
459 509 523 551 (‘?):
570 509 668 552 rugit
708 508 877 552 pestifera
920 509 1034 542 clades

329 555 370 589 A.
399 554 485 588 1009

283 600 435 634 clamare
470 617 507 627 ra-
532 603 784 643 praecomare,
822 600 977 634 edicere:
1016 600 1033 633 1

329 646 383 688 27,
402 646 434 679 4.
452 646 506 684 40,
525 646 557 682 8.
577 646 614 680 II
634 646 686 687 15,
705 645 735 679 2.
764 646 815 686 17,
843 647 896 680 13.
924 646 976 686 19,
1002 647 1034 679 8.

328 692 383 733 20,
412 692 463 725 13.
490 692 544 733 22,
566 692 618 725 15.
637 691 691 733 23,
711 691 764 726 11.
784 692 837 731 30,
858 692 912 726 11.
929 692 983 733 35,
1002 693 1034 727 5.

329 739 369 770 A.
395 737 450 771 52.
477 738 530 771 75.
556 738 634 771 313.
659 738 737 772 352.
755 738 834 771 443.
852 739 930 772 451.
955 737 1034 771 533.

329 783 406 816 673.
446 803 487 807 -—
527 784 719 817 clamantes
757 798 799 812 z
835 784 1034 827 prophetae

329 829 346 862 I
360 828 415 869 40,
437 829 458 862 2
476 829 536 871 (cf.
562 830 752 872 canentes).
771 850 811 852 —
827 844 868 858 Ξ
886 829 1033 871 eiularc,

324 875 520 918 plangere:
557 875 575 909 I
600 875 655 916 24,
690 876 743 908 23.
771 874 803 907 Π
828 875 882 914 32,
913 875 964 909 13.
990 895 1035 900 -

328 935 373 948 =
399 922 528 954 citare:
555 921 720 954 clamaris
745 932 763 953 a
782 920 887 954 Petro
906 921 947 954 A.
968 920 1034 955 626

284 965 476 999 clarificare
502 967 543 1000 A.
568 966 635 1000 463
662 966 775 1008 (bibl.)

281 1011 426 1045 claritas
451 1026 496 1041 =
520 1012 689 1046 maiestas
714 1014 757 1045 A.
782 1012 861 1047 286.
889 1011 977 1046 1043

284 1057 462 1091 claudere:
489 1058 699 1092 canentibus
714 1061 830 1091 rostra
844 1058 1033 1092 elusissent

326 1117 371 1132 =
397 1102 599 1137 debuerunt
628 1104 749 1147 facere
775 1107 814 1138 ul
834 1104 1034 1148 prophetae

328 1149 605 1183 obmutescerent
622 1152 663 1183 A.
689 1149 767 1184 388.
787 1170 830 1175 —
847 1164 891 1179 =
909 1150 1033 1184 obcae-

328 1205 429 1228 care:
453 1197 592 1238 pectore
618 1196 736 1229 clauso
761 1197 802 1229 A.
821 1196 876 1230 47.
894 1195 972 1230 399.
990 1215 1034 1220 —

331 1241 471 1274 clausus
497 1255 542 1270 =
566 1246 751 1284 peractus:
788 1252 849 1286 pro
875 1244 1032 1285 tempore

329 1286 448 1320 clauso
475 1287 518 1329 (22)
543 1287 584 1320 A.
603 1287 680 1321 301.
706 1288 792 1322 haec
810 1289 864 1322 est
882 1287 1033 1321 historia

327 1332 446 1366 clausa
470 1332 537 1366 411

281 1377 428 1411 clericus
453 1377 492 1412 II
519 1378 562 1412 34
586 1378 696 1412 inser.

281 1424 398 1458 cloaca
422 1438 467 1452 z
492 1424 592 1458 locus
624 1424 810 1468 ignobilis:
848 1424 889 1458 de
916 1424 1034 1458 cloaca

325 1469 464 1503 leuatus
491 1469 529 1504 II
554 1470 607 1511 20,
638 1471 652 1503 1

281 1515 537 1561 co<a)ngustus
562 1515 579 1549 I
604 1516 658 1557 37,
687 1516 729 1550 16
750 1516 810 1559 (cf.
833 1518 1032 1557 comment.)

281 1562 388 1595 codex
414 1562 504 1605 legis
529 1576 575 1590 =
598 1562 765 1605 sriptura
790 1572 897 1596 sacra
923 1563 964 1597 A.
992 1563 1031 1596 11

282 1608 451 1650 coepisse:
496 1607 691 1641 discredere
729 1608 846 1651 coepit
886 1622 932 1638 =
969 1607 1034 1640 οὐκ

328 1651 514 1686 ἐπίστευσε
529 1655 570 1686 A.
584 1654 650 1687 556
669 1653 728 1696 (cf.
747 1654 796 1688 K.
812 1654 858 1687 E.
877 1654 1034 1698 Georges

327 1699 368 1732 in
393 1699 566 1733 Ber-liner
581 1699 754 1744 philolog.
778 1700 1032 1735 Wocheuschr.

330 1744 408 1778 VII
426 1755 464 1788 p.
491 1746 566 1779 250
590 1746 677 1789 sqq.)

280 1800 405 1834 cogere
431 1805 476 1819 z
499 1790 640 1825 iubere:
667 1790 759 1834 quod
786 1791 935 1824 maxime
960 1791 1033 1825 Do-

327 1847 466 1916 3352
479 1836 1031 1927 5333„garseae?2115,-

324 1927 427 1962 nulla
452 1937 563 1971 poena
589 1928 704 1972 coegit
729 1928 768 1962 II
796 1929 848 1969 13,
874 1929 895 1962 8

282 1973 462 2008 cohaerere
489 1988 532 2002 Ξ
558 1974 725 2008 haerere:
744 1974 949 2017 conspicitis
968 1973 1032 2007 sti-

326 2019 449 2098 pIulam
464 2018 705 2053 cohaerentem
716 2020 755 2053 in
769 2019 880 2053 oculis
896 2020 1030 2053 nostris

279 2110 506 2154 coinquinare
531 2110 549 2143 I
575 2111 606 2151 3,
632 2111 654 2144 5

280 2156 394 2190 coitus
406 2155 451 2198 (P)
467 2155 606 2189 infandi
624 2170 670 2186 =
683 2166 711 2190 0.
725 2160 886 2190 naturae
900 2165 1031 2200 1010119-

322 2206 453 2236 nantes
490 2202 531 2236 A.
571 2202 634 2236 175
673 2202 734 2243 (cf.
765 2202 890 2236 incert.
935 2205 1031 2235 auct.

323 2258 469 2282 carmen
490 2247 576 2281 adu.
594 2247 825 2282 Marcionem
838 2248 859 2281 1
877 2250 929 2282 20
944 2251 1031 2291 899.)

281 2294 393 2327 colere
418 2308 463 2323 =
491 2294 683 2338 maynificc
714 2294 869 2327 uestire:
907 2294 962 2327 fas
994 2294 1032 2326 111

322 2339 394 2373 Deo
410 2350 477 2373 non
493 2342 546 2372 est
557 2339 799 2373 Christianam
815 2339 881 2373 coli
891 2339 1030 2373 fidelem

280 2385 532 2474 οο1Ῑ1Ῑ3111ῗῖ>>6ε
558 2431 732 2466 cauliculi
757 2431 775 2466 1
800 2431 855 2471 34,
881 2431 902 2464 2

276 2476 468 2520 collegium
505 2491 550 2506 =
582 2477 750 2511 societas:
789 2477 1031 2521 adplicuitque

325 2522 393 2556 sibi
418 2522 548 2556 similis
577 2523 727 2559 collegio
752 2523 848 2556 facto
874 2522 892 2557 I
921 2522 971 2564 19,
998 2523 1030 2556 7.

323 2568 473 2612 collegia
498 2568 638 2612 quaeris
663 2568 703 2602 II
727 2568 781 2609 33,
809 2568 851 2602 13

276 2614 461 2648 collocatio
496 2614 689 2648 uerborum
729 2614 899 2648 insolita.-
940 2614 1026 2656 ipsis

323 2659 498 2693 sideribus
533 2662 596 2693 aut
622 2659 717 2693 Mars
751 2660 814 2704 qui
847 2670 925 2693 cum
950 2660 1028 2703 ipsa

323 2705 512 2748 deprensus
531 2705 603 2738 zelo
628 2705 788 2739 maritali
806 2704 891 2739 deus
916 2706 1027 2739 nomi-

322 2755 428 2784 netur
465 2750 690 2785 aduliscens‘?
731 2766 774 2780 =
816 2755 882 2786 aut
922 2751 1028 2785 Mars

321 2796 537 2837 aduliscens,
576 2796 639 2840 9111
672 2807 752 2831 cum
776 2797 858 2837 ipsa
882 2796 942 2842 (=
967 2796 1027 2830 olo-

321 2842 434 2884 1111110)
454 2842 528 2876 zelo
541 2842 705 2876 maritali
719 2842 918 2886 deprensus
937 2846 1026 2884 (est),

323 2888 413 2931 ipsis
443 2888 512 2931 (in)
538 2887 718 2922 sideribus
755 2887 843 2923 deus
869 2889 1026 2922 1101111110-
1057 2913 1059 2924 ,

947 474 1032 507 pro·
1061 468 1063 474 '

996 246 1132 280 Index

1143 370 1234 404 tar?
1253 371 1269 404 1
1287 371 1316 411 7,
1337 371 1355 404 7
1371 381 1421 414 sq.
1448 371 1632 405 nimium
1650 375 1710 406 tua
1726 376 1849 408 cuncta

1141 416 1292 450 uidendo
1319 417 1674 451 insatiabiliter
1699 418 1716 451 I
1743 418 1797 460 29,
1829 422 1844 453 1

1141 472 1193 505 sq.
1218 466 1254 495 et
1280 461 1416 496 fabrica
1433 463 1534 496 cuius
1552 466 1653 496 erant
1671 475 1751 498 cum
1772 465 1848 508 ipsa

1141 522 1186 536 =
1200 511 1232 541 ct
1251 518 1330 542 cum
1348 508 1429 551 ipsa
1448 507 1592 549 fabrica
1606 512 1669 543 etc.
1688 510 1724 543 11
1741 510 1771 550 2,
1796 511 1847 544 19.

1141 554 1271 597 apud,
1306 556 1427 593 stulte,
1463 554 1684 597 Cyclopas
1718 555 1754 589 II
1792 557 1846 597 36,

1142 601 1174 633 3.
1224 599 1499 633 sacrificans
1550 600 1660 642 periet
1708 601 1848 635 idolis

1143 644 1249 688 (coel.)
1290 646 1330 677 A.
1365 645 1442 678 748.
1491 646 1724 690 turbaturque
1755 646 1847 680 Nero

1142 692 1179 724 et
1206 693 1349 724 senatus
1387 705 1432 719 Ξ
1468 691 1641 725 turbatur
1678 697 1710 726 el
1750 692 1848 726 Nero

1142 739 1174 770 et
1199 740 1346 770 senatus
1372 737 1411 770 A.
1431 737 1510 770 910.
1535 747 1632 770 more
1658 737 1699 770 de
1724 740 1846 771 nostro

1141 783 1182 815 A.
1208 781 1285 816 949.
1325 784 1367 815 et
1409 782 1458 816 de
1500 783 1625 815 domo
1663 782 1746 816 Dei
1788 794 1847 817 ceu

1141 827 1321 861 nundinae
1343 828 1508 861 facitis
1527 832 1645 861 astent
1663 829 1702 862 11
1722 830 1775 870 35,
1796 830 1849 863 12.

1141 873 1342 917 germine
1361 874 1563 907 zabolico
1584 874 1702 907 facitis
1719 878 1757 907 ut
1775 882 1847 908 tur-

1140 918 1205 952 bae
1219 929 1240 962 p
1251 930 1294 952 10
1306 930 1326 952 n
1338 919 1548 960 atae1132,
1563 918 1613 953 12.
1630 939 1664 943 --
1678 921 1847 955 coniunc-

1140 965 1255 998 tiones
1280 968 1315 999 et
1333 966 1559 1008 pronomma
1578 965 1736 999 relatiua
1753 971 1847 1009 post-

1137 1011 1281 1054 posita:
1309 1011 1481 1044 morimur
1500 1012 1653 1054 itemque
1668 1012 1847 1055 (idemque

1140 1056 1233 1099 cod.)
1261 1066 1320 1099 per
1350 1057 1455 1090 illum
1479 1071 1524 1085 Ξ
1555 1057 1708 1100 itemque
1742 1059 1848 1092 mori-

1140 1112 1224 1136 mur
1246 1112 1284 1145 p.
1311 1102 1334 1136 z'.
1353 1102 1371 1135 1
1396 1103 1451 1144 35,
1476 1102 1509 1135 4.
1534 1104 1710 1136 certamen
1730 1103 1849 1147 fugire

1140 1147 1224 1181 lites
1242 1147 1461 1191 totidemque
1483 1148 1597 1182 uitare
1615 1162 1660 1177 =
1680 1149 1846 1183 totidem-

1141 1204 1209 1237 que
1234 1193 1256 1227 l.
1282 1204 1317 1227 u.
1344 1193 1382 1227 11
1409 1193 1464 1236 26,
1491 1193 1523 1227 3.
1564 1204 1699 1238 semper
1732 1194 1847 1229 homi-

1144 1239 1243 1273 cidae
1260 1249 1398 1282 semper
1417 1240 1664 1283 manibusque
1689 1242 1847 1274 cruentis

1141 1288 1181 1318 A.
1209 1285 1285 1319 709.
1324 1284 1394 1328 (De
1432 1295 1497 1328 que
1533 1285 1635 1330 lonye
1667 1286 1713 1320 ab
1740 1287 1847 1321 initio

1140 1330 1343 1365 sententiae
1384 1334 1519 1365 remoto
1561 1332 1608 1373 cf.
1657 1342 1751 1374 quae
1785 1333 1848 1367 sub

1140 1377 1223 1420 ipsa
1251 1386 1338 1410 uoce
1371 1387 1436 1420 que
1469 1378 1709 1420 notauimus.)
1737 1378 1848 1421 parri-

1141 1422 1219 1456 cida
1244 1423 1356 1465 patris
1383 1432 1521 1466 semper
1548 1426 1593 1456 et
1618 1423 1793 1466 superbus
1811 1425 1846 1457 in

1141 1467 1203 1501 illo
1252 1470 1294 1502 A.
1340 1467 1417 1501 729.
1459 1468 1596 1511 (Plura
1636 1469 1848 1511 afferuntur

1141 1514 1306 1557 exempla
1342 1514 1408 1548 sub
1450 1523 1538 1548 uoce
1562 1515 1622 1557 et.)
1651 1515 1846 1549 terribilem

1142 1559 1258 1603 legem
1291 1560 1396 1593 malis
1424 1559 1527 1594 bonis
1559 1561 1692 1603 atque
1724 1560 1848 1605 benig-

1143 1615 1226 1638 nam
1245 1605 1262 1639 1
1280 1605 1335 1646 30,
1365 1605 1417 1639 17.
1443 1625 1486 1630 -
1512 1605 1631 1639 dolore
1648 1617 1728 1641 nec
1747 1610 1846 1641 uates

1141 1651 1258 1684 filium
1289 1651 1381 1684 luxit
1412 1650 1634 1686 defunctum:
1678 1652 1847 1696 Omnipo-

1142 1696 1252 1730 tentis
1280 1697 1373 1730 enim
1411 1708 1488 1731 nec
1526 1697 1612 1731 flens
1650 1697 1847 1733 deducebat

1142 1742 1328 1776 alumnum
1355 1742 1392 1776 II
1417 1742 1472 1785 32,
1501 1742 1553 1777 15.
1586 1763 1631 1768 —
1655 1743 1751 1778 bella
1777 1745 1848 1778 uel

1141 1788 1289 1821 infanda
1326 1788 1343 1822 I
1381 1789 1434 1830 26,
1475 1789 1528 1822 11.
1574 1789 1661 1823 facti
1699 1791 1775 1824 uel
1806 1795 1847 1824 ut-

1142 1834 1280 1878 aspides
1306 1835 1405 1868 surdi
1432 1834 1471 1869 11
1498 1835 1529 1877 9,
1556 1835 1609 1868 19.
1637 1855 1677 1859 -—
1703 1836 1762 1870 De
1787 1842 1847 1870 aut

1142 1879 1190 1921 cf.
1217 1880 1244 1914 Ι
1264 1881 1296 1921 7,
1323 1882 1355 1914 7.
1394 1899 1437 1905 -
1477 1880 1593 1915 multa
1625 1881 1729 1925 signa
1762 1881 1847 1916 facit

1141 1926 1356 1969 quoniam
1387 1926 1462 1960 eius
1496 1926 1804 1971 pseudopropheta
1830 1928 1847 1962 I

1140 1971 1195 2013 41,
1224 1971 1277 2004 16.
1304 1973 1472 2015 suggeret
1495 1982 1590 2005 cum
1616 1972 1790 2007 Dominus
1809 1974 1846 2007 11

1141 2017 1198 2057 23,
1228 2016 1280 2051 14.
1307 2017 1411 2060 quasi
1436 2017 1539 2051 facile
1572 2018 1659 2052 reris
1686 2020 1783 2053 dum
1808 2019 1846 2053 11

1140 2062 1194 2103 35,
1224 2061 1257 2095 2.
1295 2062 1404 2097 fuerit
1435 2063 1569 2107 quasi
1606 2066 1700 2098 serui
1732 2065 1846 2109 figura

1140 2108 1182 2141 A.
1209 2108 1286 2142 336.
1313 2108 1453 2152 placeat
1478 2119 1572 2143 cum
1597 2110 1640 2144 A.
1665 2111 1743 2146 770.
1778 2113 1848 2145 ter-

1141 2153 1255 2187 minet
1279 2158 1327 2187 ut
1351 2155 1391 2189 A.
1418 2155 1495 2188 941.
1527 2156 1650 2199 agitur
1683 2156 1778 2190 dum
1805 2158 1847 2190 A.

1143 2199 1243 2235 1012.
1267 2219 1314 2224 —
1346 2201 1510 2244 partibus
1545 2202 1663 2244 istis,
1697 2203 1847 2237 exsiccat

1140 2245 1293 2279 fluuium
1318 2246 1483 2290 quibus
1507 2246 1546 2281 II
1566 2247 1596 2290 1,
1613 2247 1657 2282 29
1675 2259 1726 2292 sq.
1745 2258 1846 2292 pene-

1139 2292 1218 2325 trat
1253 2292 1330 2370 fqui
1368 2291 1407 2326 II
1446 2293 1499 2334 18,
1537 2293 1569 2327 9.
1609 2294 1727 2328 fuerat
1764 2305 1845 2338 quo

1092 2382 1224 2417 collum
1264 2397 1309 2411 =
1349 2394 1512 2417 umerus:
1557 2385 1766 2428 (daemonia)
1810 2386 1846 2420 111

1138 2428 1227 2462 00110
1254 2428 1421 2462 feruntur
1446 2429 1464 2463 I
1486 2431 1538 2471 16,
1567 2430 1620 2465 12.
1646 2435 1687 2465 ut
1704 2434 1847 2475 portent

1139 2474 1317 2508 uictualia
1336 2474 1426 2508 collo
1446 2475 1483 2509 11
1502 2477 1556 2517 39,
1576 2478 1630 2511 16.
1656 2477 1846 2521 grabatum

1138 2519 1175 2553 in
1202 2519 1294 2554 collo
1319 2520 1490 2555 ferentem
1518 2523 1561 2556 A.
1586 2523 1653 2556 650

1092 2564 1232 2599 colonia
1257 2580 1302 2594 =
1326 2566 1413 2600 urbs
1438 2570 1483 2611 (52)
1510 2570 1550 2602 A.
1576 2569 1654 2602 976.
1679 2568 1746 2604 989

1091 2611 1257 2645 columna
1282 2612 1388 2645 nubis
1414 2614 1449 2645 et
1474 2614 1571 2658 ignis
1589 2614 1631 2648 A.
1649 2614 1716 2648 619
1734 2614 1846 2658 (bibl.)

1090 2666 1308 2690 commouere
1333 2672 1375 2686 =
1400 2658 1460 2692 ira
1485 2659 1680 2694 incendere
1704 2661 1747 2694 A.
1779 2660 1844 2695 726

1091 2703 1349 2736 communicare
1366 2703 1423 2746 (cle
1441 2705 1724 2749 mumflcentia):
1751 2716 1846 2740 com-

1135 2747 1322 2794 muni(c)a
1338 2748 1445 2784 fratri
1462 2751 1500 2785 11
1519 2750 1573 2793 31,
1592 2751 1624 2786 2.
1649 2753 1845 2785 communi-

1137 2796 1191 2828 cet
1219 2819 1253 2825 ..
1282 2794 1475 2829 bonitatem
1501 2797 1538 2829 in
1565 2807 1684 2830 omnes
1710 2798 1751 2831 A.
1778 2797 1822 2831 25

1092 2840 1290 2874 communis
1314 2856 1359 2870 =
1377 2842 1545 2884 affabilis,
1572 2843 1678 2877 comis
1704 2843 1721 2877 1
1740 2843 1793 2883 23,
1812 2842 1842 2876 2.

1137 2886 1191 2926 30,
1221 2887 1271 2920 15.
1299 2886 1336 2920 II
1362 2886 1416 2929 22,
1445 2889 1482 2922 11
