1934 3278
582 277 635 311 De
661 280 782 313 sancto
808 277 1004 315 Athanasio
1030 280 1119 316 liber
1143 281 1167 317 1.
1551 286 1627 328 121

128 406 343 447 imitantur
383 416 481 459 ergo
518 404 638 446 illum
679 405 749 458 qui
789 406 885 447 sunt
924 419 971 448 ex
1013 408 1132 460 parte
1162 407 1288 449 illius.
1351 409 1557 463 conspicis
1588 411 1630 451 te

128 474 380 516 imitatorem
429 485 520 515 esse
569 473 743 523 diaboli,
789 473 829 515 in
878 476 996 528 parte
1044 487 1135 517 esse
1181 477 1455 519 constitutum
1496 478 1630 527 illius3

127 543 346 597 cognoscis
376 543 421 583 tu
455 541 564 595 quod
595 542 761 584 tibimet
791 544 1012 597 conquiras
1043 544 1235 595 mortem,
1267 546 1314 587 tu
1347 547 1417 600 qui
1449 548 1630 590 nolueris

126 611 215 666 <in>
240 611 421 664 imagine
443 611 524 661 dei,
549 612 755 664 quomodo
778 624 821 654 es
843 612 979 654 factus
1012 625 1035 654 a
1067 613 1158 664 deo,
1188 626 1372 662 manere,
1406 615 1479 657 sed
1500 617 1633 657 temet

96 679 353 721 ⁵c0ntuleris
386 679 439 721 ad
469 679 601 729 illum‚
643 680 762 722 cuius
802 681 961 722 inuidia
999 694 1110 724 mors
1150 682 1371 724 intrauerit
1409 684 1447 725 in
1490 685 1629 726 orbem

128 749 345 790 terrarum.

186 818 360 859 XXXII.
395 817 549 860 Contra
581 818 723 872 accipe
756 819 953 872 quantam
986 819 1230 862 felicitatem
1262 821 1404 874 cupiat
1434 821 1631 874 consequi

129 886 397 936 Athanasius,
430 886 539 927 unde
573 886 615 928 et
637 886 740 929 nolit
763 899 854 929 esse
887 887 996 941 quod
1030 888 1086 929 sis
1116 889 1162 929 tu
1195 889 1395 931 Arrianus
1419 889 1631 943 apostata;

131 955 272 1008 accipe
296 955 493 1008 quantam
525 955 678 997 fuerint
709 955 834 997 etiam
856 955 931 1006 illi,
964 969 1067 1010 quos
1088 957 1187 1007 iam,
1212 970 1285 998 cur
1306 970 1350 999 se
1374 957 1631 1000 Christianos

78 1029 111 1054 1⁰
131 1024 319 1073 dixerint,
354 1036 396 1065 es
426 1023 663 1065 interficere
696 1024 904 1078 dignatus,
948 1025 1161 1067 consecuti
1192 1026 1517 1068 beatitudinem:
1548 1028 1634 1068 ius-

131 1096 267 1134 torum
306 1095 444 1134 autem
476 1094 648 1135 animae
683 1094 733 1134 in
763 1107 897 1135 manu
927 1094 996 1136 dei
1025 1097 1138 1148 sunt,
1179 1097 1218 1136 et
1246 1109 1333 1137 non
1364 1098 1509 1150 tanyet
1538 1095 1635 1137 illos

131 1164 390 1203 tormentum.
441 1163 528 1204 uisi
557 1165 658 1204 sunt
687 1162 816 1205 oculis
845 1163 1145 1216 insipientium
1174 1164 1298 1217 mori,
1338 1166 1379 1205 et
1407 1164 1634 1205 aestimata

129 1233 189 1272 est
218 1231 392 1272 malitia
422 1232 557 1273 exitus
586 1230 760 1272 illorum
790 1232 842 1273 ab
862 1232 1014 1273 itinere
1043 1232 1166 1274 iusto.
1199 1232 1397 1274 abierunt
1426 1233 1475 1273 in
1495 1234 1631 1273 exter-

131 1299 326 1354 minium,
360 1299 427 1340 illi
458 1302 598 1341 autem
629 1302 730 1340 sunt
758 1300 807 1341 in
830 1313 952 1352 paee.
999 1301 1151 1342 etenim
1172 1302 1211 1342 si
1232 1314 1374 1342 coram
1395 1300 1634 1342 hominibus

80 1370 112 1397 1⁵
132 1371 338 1409 tormenta
361 1368 485 1422 passi·
515 1371 626 1416 sunt,
660 1380 752 1420 spes
783 1368 954 1410 illorum
983 1368 1293 1410 inmortalitate
1325 1369 1455 1421 plena
1486 1371 1556 1423 est,
1598 1371 1635 1410 et

131 1439 181 1479 in
205 1438 360 1490 paucis
388 1437 532 1478 uexati
572 1437 620 1477 in
649 1436 796 1479 multis
834 1437 930 1478 bene
960 1438 1254 1491 disponentur,
1296 1437 1499 1489 quoniam
1536 1437 1635 1478 deus

133 1506 358 1559 temptauit
385 1506 483 1547 illos
521 1508 560 1547 et
588 1506 756 1547 inuenit
792 1506 888 1547 illos
927 1506 1077 1559 diynos
1115 1518 1167 1546 se.
1228 1509 1445 1557 tamquam
1476 1519 1634 1546 aurum

134 1577 181 1616 in
209 1575 380 1628 fornace
403 1574 608 1627 probauit
638 1573 745 1629 illos,
777 1575 903 1627 quasi
944 1573 1231 1615 holocaustam
1261 1573 1442 1614 hostiam
1474 1574 1635 1625 accepit

133 1644 239 1687 illos.
272 1646 310 1685 et
329 1644 376 1684 in
398 1646 575 1696 tempore
597 1644 675 1685 erit
696 1646 903 1695 respectus
925 1642 1110 1695 illorum,
1144 1640 1378 1694 fulgebunt,
1412 1643 1635 1692 tamquam

82 1719 116 1743 20
134 1711 343 1753 scintillae
383 1712 429 1753 in
471 1711 725 1753 arundineto
765 1711 1013 1752 discurrent.
1075 1708 1325 1750 iudicabunt
1364 1708 1559 1749 nationes
1599 1711 1635 1748 et

133 1779 468 1822 dominabuntur
479 1780 663 1832 populis,
687 1782 723 1820 et
740 1778 933 1832 regnabit
948 1778 1148 1820 dominus
1163 1790 1305 1818 eorum
1316 1777 1362 1817 in
1371 1778 1633 1827 perpetuum.

136 1848 349 1889 desideras
380 1847 614 1888 interficere
646 1846 934 1890 Athanasium.
969 1846 1213 1887 existimans
1245 1844 1355 1897 quod
1389 1843 1439 1890 ei,
1473 1842 1506 1884 si
1541 1854 1634 1882 eum

134 1916 400 1958 mactaueris.
433 1916 566 1969 possis
600 1916 813 1957 aeternum
847 1914 946 1956 dare
977 1914 1148 1957 malum.
1180 1913 1376 1967 ignorans
1408 1911 1631 1964 scriptum:

135 1988 386 2028 condemnat
419 1987 553 2027 iustus
583 1988 775 2026 mortuus
805 1985 927 2025 uiuos
958 1984 1112 2036 impios
1150 1986 1187 2024 et
1225 1983 1425 2023 iuuentus
1462 1979 1635 2022 celerius

85 2057 424 2097 monsummata
470 2054 795 2107 lonyaeuitatem
841 2052 1007 2093 iniusti.
1068 2051 1270 2092 uidebunt
1315 2049 1465 2091 etenim
1509 2048 1635 2101 finem

135 2124 343 2177 sapientis
381 2126 417 2165 et
447 2135 532 2163 non
562 2121 802 2175 intelleyent
840 2120 942 2173 quid
972 2120 1212 2174 coynouerit
1250 2118 1299 2159 de
1329 2117 1405 2159 illo
1444 2119 1483 2158 et
1506 2127 1636 2168 quare

136 2192 341 2234 munierit
354 2191 563 2233 dominus.
586 2189 787 2231 uidebant
805 2192 843 2231 et
861 2191 1133 2243 contemnent,
1165 2187 1260 2229 illos
1282 2188 1422 2227 autem
1443 2184 1639 2227 dominus

137 2260 347 2302 inridebit.
381 2262 419 2300 et
450 2261 576 2301 erunt
599 2261 695 2312 post
726 2257 826 2299 haec
856 2257 1091 2299 decidentes
1122 2257 1213 2298 sine
1234 2256 1388 2297 honore
1419 2254 1523 2295 etin
1546 2264 1636 2293 eon-

138 2329 315 2371 tumelia
353 2328 499 2369 mortis
537 2328 585 2368 in
618 2329 840 2381 perpetuo,
887 2327 1090 2379 quoniam
1135 2325 1370 2376 disrumpet
1413 2322 1511 2363 illos
1550 2321 1640 2362 sine

87 2408 235 2439 souoce
264 2397 449 2448 inflatos,
483 2399 519 2437 et
550 2396 818 2437 commouebit
848 2395 947 2437 illos
978 2408 1006 2435 a
1035 2392 1342 2447 fundamentis,
1374 2394 1414 2433 et
1434 2402 1561 2442 usque
1583 2387 1639 2429 ad

138 2478 379 2519 supremum
409 2464 660 2518 deserentur,
693 2467 730 2506 et
761 2466 883 2505 erunt
916 2464 964 2504 in
994 2463 1148 2515 dolore,
1180 2464 1217 2502 et
1237 2459 1438 2501 memoria
1469 2457 1640 2498 illorum

279 2613 320 2646 10
346 2614 424 2656 Sap.
449 2613 482 2650 3.
512 2613 598 2647 1—-8
691 2613 733 2646 24
762 2612 806 2646 ib.
832 2612 864 2646 4.
894 2611 1026 2645 16—20

1482 2718 1507 2754 2

209 2761 230 2793 3
255 2763 338 2805 quot
362 2773 406 2795 m.
434 2764 451 2795 1
557 2762 578 2794 4
603 2761 638 2794 in
663 2772 690 2794 s.
717 2761 739 2793 l.
767 2772 809 2794 m.
837 2770 904 2793 ree.
1010 2758 1043 2792 in
1071 2757 1258 2801 imaginem
1284 2767 1303 2789 r
1407 2756 1428 2788 9
1454 2765 1513 2788 cur
1538 2743 1576 2793 θ’
1596 2765 1643 2788 nt.

143 2827 226 2859 rec.)
373 2819 582 2852 christianus
616 2831 658 2852 m.
688 2821 703 2851 1
856 2817 893 2849 11
923 2818 1024 2859 taget
1172 2814 1216 2847 20
1247 2816 1283 2847 et
1309 2814 1342 2846 in
1371 2813 1550 2847 Latinius

142 2876 340 2910 arundinito
434 2875 476 2909 27
504 2875 754 2909 condemnent:
781 2886 843 2907 em.
874 2874 956 2907 liat.
1050 2872 1089 2905 31
1119 2880 1358 2924 suppl-aenium
