1934 3278
280 249 333 289 74
936 246 1135 280 Luciferi

276 387 380 413 mea.
415 373 577 413 ethaeo
613 372 718 414 dicis
752 371 893 411 diuina
922 371 1122 412 mandata
1145 371 1368 412 calcando:
1411 373 1609 425 suscipite
1640 373 1777 414 idolo-

277 441 444 482 latriam
476 453 626 490 meam,
662 439 936 492 derelinquite
970 439 1106 489 deum,
1139 439 1361 480 interficite
1394 440 1607 482 inimicum
1639 454 1779 483 meum

277 522 356 550 non
390 509 455 550 dei
478 508 767 554 Athanasium,
801 520 880 560 quo
902 508 1070 560 possitis
1091 508 1266 549 inueniri
1289 508 1396 548 inter
1420 521 1489 550 eos
1512 510 1582 562 qui
1605 510 1781 552 oderunt

278 577 416 623 deum.
457 578 605 630 quibus
637 576 873 629 promiserit
905 589 947 617 se
979 576 1020 617 in
1051 577 1221 617 tertiam
1254 577 1295 617 et
1317 579 1509 629 quartam
1541 580 1779 632 progeniem

276 647 561 694 redditurum3
588 647 683 687 date
711 658 891 698 operam,
916 657 965 685 ne
983 657 1078 686 cum
1099 645 1182 686 illis
1206 645 1436 698 diligamini
1461 659 1484 686 a
1502 646 1591 693 deo,
1615 648 1781 700 propter
1818 664 1833 687 5

279 729 381 769 quos
405 716 525 757 dicit:
545 717 706 765 faciens
727 715 1060 755 inisericordiam
1082 716 1130 755 in
1147 716 1271 755 milia
1289 715 1354 755 liis
1370 716 1442 767 qni
1458 716 1645 769 dibiyunt
1661 731 1724 757 nie
1745 720 1782 758 et

278 785 344 826 his
365 786 439 837 qni
460 784 701 826 custodiunt
716 786 945 835 praecepta
969 796 1073 824 inea.
1108 783 1326 835 conspicis,
1352 783 1676 836 prudentissime
1697 786 1779 826 im-

277 854 454 907 perator,
472 853 548 894 hoc
565 851 642 893 tibi
658 851 811 892 bonum
829 849 963 891 uideri
981 851 1091 903 quod
1110 851 1163 892 sit
1176 852 1333 892 malum
1352 852 1393 893 et
1407 853 1483 893 1106
1498 853 1655 894 malum
1671 854 1781 906 quod

276 921 440 962 bonum.
467 921 538 962 aut
559 920 731 973 negabis
752 920 918 968 bonum,
944 920 1015 960 aut
1036 920 1207 972 negabis
1224 921 1331 961 bona
1351 921 1392 961 te
1415 921 1528 962 mala
1547 934 1636 963 esse
1653 922 1780 962 intel-

277 990 417 1043 legere
441 990 481 1029 et
511 989 624 1029 mala
654 989 790 1029 bona?
822 988 856 1028 si
883 999 1024 1040 negas,
1056 988 1271 1041 responde.
1306 989 1459 1030 bonum
1488 991 1550 1030 est
1584 989 1780 1031 damnare
1803 1002 1833 1026 10

276 1058 537 1099 innocentem
571 1070 620 1098 an
652 1057 837 1097 malum?
885 1057 1038 1098 bonum
1073 1058 1137 1097 est
1170 1057 1460 1110 derelinquere
1494 1058 1617 1099 deum
1651 1060 1691 1099 et
1721 1059 1779 1100 ire

274 1128 368 1180 post
398 1127 680 1168 idololatriam
714 1138 763 1166 an
794 1125 981 1166 malum?
1042 1125 1077 1166 si
1111 1125 1262 1166 dixeris
1294 1126 1466 1175 malum,
1511 1127 1672 1168 dicetur
1702 1127 1776 1167 tibi

278 1210 301 1237 a
332 1197 469 1238 nobis:
503 1209 576 1236 cur
607 1196 709 1236 haec
742 1196 787 1235 tu
820 1195 962 1247 geris?
1008 1195 1158 1235 iterum
1191 1195 1349 1236 clamat
1379 1194 1418 1235 in
1453 1195 1775 1237 Deuteronomio

276 1266 456 1320 Moyses,
482 1264 647 1305 dicens:
673 1264 871 1305 custodite
891 1265 1101 1306 mandata
1122 1265 1285 1305 domini
1305 1266 1372 1306 dei
1394 1266 1457 1305 tui
1479 1269 1515 1306 et
1538 1266 1778 1306 testimonia

278 1338 317 1376 et
352 1334 671 1386 iustificationes
716 1345 996 1385 quascumque
1034 1333 1265 1373 mandauit
1303 1333 1391 1385 tibi,
1436 1336 1474 1374 et
1508 1334 1643 1386 facies
1673 1334 1779 1385 qnod
1804 1349 1833 1374 15

272 1403 486 1456 placitum
518 1404 575 1442 est
605 1404 642 1441 et
672 1400 782 1453 quod
819 1400 971 1441 bonum
1011 1404 1107 1443 ante
1145 1400 1361 1442 dominnm
1402 1402 1525 1442 deum
1564 1405 1696 1451 tuum,
1737 1406 1781 1442 id

279 1471 455 1524 benefiat
486 1470 575 1512 tibi.
609 1472 646 1511 et
675 1469 858 1511 intrabis
880 1473 917 1511 et
938 1469 1166 1511 hereditate
1179 1470 1415 1522 possidebis
1437 1473 1594 1511 terram
1616 1470 1780 1518 bonam,

279 1553 407 1593 quain
438 1538 605 1580 iurauit
633 1538 831 1579 dominus
853 1538 1055 1590 patribus
1086 1538 1250 1579 uestris.
1284 1538 1325 1578 et
1354 1538 1399 1578 tu
1423 1538 1525 1579 haec
1551 1551 1641 1580 esse
1670 1539 1778 1580 bona

279 1608 456 1661 elegistL
489 1608 592 1648 haec
628 1606 703 1647 deo
734 1606 905 1659 placita,
947 1606 993 1646 ut
1022 1606 1063 1646 in
1095 1606 1391 1647 contumeliam
1425 1607 1512 1648 eius
1543 1608 1780 1648 maiestatis

276 1676 516 1718 idololatria
554 1674 743 1715 firmetur
782 1687 855 1727 per
893 1674 956 1714 tui
986 1675 1103 1727 regni
1142 1675 1342 1715 uirtutem
1385 1676 1426 1716 et
1456 1675 1696 1729 iugulentur
1740 1676 1780 1717 hi
1803 1695 1835 1719 20

278 1746 347 1798 qui
381 1757 424 1786 se
458 1745 546 1785 eius
578 1744 735 1785 fuerint
766 1744 945 1784 confessi
977 1744 1171 1785 cultores.
1232 1758 1316 1786 eece
1347 1759 1429 1798 690,
1464 1744 1566 1786 dicit
1597 1746 1777 1799 Moyses.

279 1815 375 1856 dedi
415 1817 511 1855 ante
543 1816 806 1865 conspectum
844 1815 1030 1854 uestrum
1068 1813 1188 1854 hodie
1225 1813 1552 1855 benedictionem
1586 1818 1622 1856 et
1653 1814 1781 1855 male-

282 1883 518 1935 dictionem,
557 1881 892 1932 benedictionem,
932 1882 969 1923 si
1009 1881 1234 1924 audieritis
1270 1882 1477 1923 mandata
1515 1883 1679 1924 domini
1716 1883 1783 1923 dei

278 1952 409 1993 uestri
452 1963 732 2003 quaecumque
771 1963 841 2004 690
882 1950 1037 1992 mando
1074 1950 1194 1991 uobis
1230 1950 1359 1992 hodie.
1421 1963 1516 1991 cum
1547 1951 1690 2004 itaque
1721 1951 1782 1991 illi

280 2019 362 2060 sint
392 2018 603 2061 benedicti
636 2019 705 2072 qui
736 2019 998 2060 innocentem
1030 2031 1108 2060 non
1151 2019 1233 2060 sint
1262 2019 1493 2072 punientes,
1535 2020 1595 2060 illi
1629 2020 1781 2061 domini
1802 2035 1835 2060 25

281 2089 497 2130 seruantes
528 2089 729 2129 mandata
761 2089 831 2141 qui
861 2088 1096 2129 inauditum
1131 2088 1327 2128 damnare
1353 2088 1573 2135 noluerint,
1604 2089 1650 2129 tu
1678 2101 1782 2141 quo-

278 2157 402 2198 modo
434 2157 475 2198 te
506 2157 776 2198 benedictum
798 2158 934 2210 puta-s.
968 2169 1062 2198 cum
1084 2169 1156 2209 per
1179 2169 1281 2210 opus
1302 2157 1421 2197 tuum
1443 2158 1484 2197 te
1506 2158 1654 2210 probes
1676 2158 1783 2198 inter

280 2225 530 2267 maledictos
571 2226 876 2267 constitutum?
925 2226 995 2266 aut
1027 2225 1060 2266 si
1092 2237 1170 2266 non
1201 2225 1309 2266 inter
1339 2226 1588 2267 maledictos
1622 2239 1678 2275 es,
1711 2239 1783 2267 cur

280 2294 455 2348 Moysen
490 2295 649 2348 spernis
683 2295 920 2337 dicentem?
951 2297 989 2337 si
1021 2299 1160 2337 dictem
1195 2297 1441 2336 inueniatur
1470 2298 1518 2337 in
1550 2301 1585 2337 te
1618 2297 1665 2337 in
1694 2311 1783 2338 una

283 2364 508 2405 ciuitatum
550 2367 734 2414 tuarum,
781 2378 887 2417 quas
926 2365 1126 2406 dominus
1163 2365 1263 2406 deus
1305 2368 1399 2405 tuiis
1438 2365 1552 2406 dabit
1585 2365 1673 2412 tibi,
1713 2367 1835 2406 uirso

417 2500 438 2533 6
462 2500 568 2534 Deut.
593 2501 624 2544 5,
660 2501 702 2533 10
843 2501 883 2534 14
918 2500 962 2534 ib.
997 2501 1028 2537 6,
1066 2501 1115 2535 17.
1150 2500 1190 2534 18
1329 2500 1368 2533 21
1402 2499 1448 2534 ib.
1477 2501 1528 2539 11,
1563 2500 1615 2534 26.
1649 2501 1691 2534 27

280 2556 323 2590 29
348 2556 397 2589 ib.
422 2557 475 2599 17,
502 2557 531 2592 2.
558 2557 579 2590 3

352 2680 367 2713 1
402 2680 568 2714 calcando
601 2682 748 2725 scripsi,
781 2681 949 2715 calcanda
980 2683 1029 2716 Vc
1173 2681 1193 2713 5
1225 2661 1438 2715 reddituram
1474 2684 1496 2724 (¹¹
1532 2694 1571 2716 m.
1607 2684 1690 2725 rec.)

280 2737 300 2770 9
327 2739 387 2770 aut
413 2736 558 2780 negabis
582 2737 711 2771 bonum
738 2738 982 2782 eaepnnyenda
1008 2738 1097 2780 fort.
1245 2738 1287 2771 14
1312 2738 1486 2772 custodite
1518 2740 1576 2779 Vc,
1612 2740 1784 2774 custodire

283 2793 402 2828 Tz'lz'us
427 2794 469 2827 in
492 2794 591 2828 notis
617 2795 715 2836 falso
811 2795 851 2828 17
877 2794 1032 2829 heredite
1058 2807 1101 2829 m.
1126 2799 1146 2828 1
1240 2795 1283 2828 29
1309 2794 1462 2839 Moysern
1492 2808 1508 2830 ι·
1601 2807 1671 2830 non
1697 2801 1783 2831 ante

281 2851 412 2894 spernis
439 2861 533 2885 eras.
