<?xml version="1.0" encoding="UTF-8"?>
<!DOCTYPE html PUBLIC "-//W3C//DTD XHTML 1.0 Transitional//EN"
    "http://www.w3.org/TR/xhtml1/DTD/xhtml1-transitional.dtd">
<html xmlns="http://www.w3.org/1999/xhtml" xml:lang="en" lang="en">
 <head>
  <title>
</title>
<meta http-equiv="Content-Type" content="text/html;charset=utf-8" />
  <meta name='ocr-system' content='tesseract 3.04.00' />
  <meta name='ocr-capabilities' content='ocr_page ocr_carea ocr_par ocr_line ocrx_word'/>
</head>
<body>
  <div class='ocr_page' id='page_1' title='image "./corpusscriptorum14luciuoft_0122.png"; bbox 0 0 1934 3278; ppageno 0'>
   <div class='ocr_carea' id='block_1_1' title="bbox 267 269 1117 312">
    <p class='ocr_par' dir='ltr' id='par_1_1' title="bbox 267 269 1117 312">
     <span class='ocr_line' id='line_1_1' title="bbox 267 269 1117 312; baseline 0.006 -14"><span class='ocrx_word' id='word_1_1' title='bbox 267 270 319 312; x_wconf 81' lang='lat'>70</span> <span class='ocrx_word' id='word_1_2' title='bbox 920 269 1117 303; x_wconf 77' lang='lat' dir='ltr'><strong>Luciferi</strong></span> 
     </span>
    </p>
   </div>
   <div class='ocr_carea' id='block_1_2' title="bbox 264 394 1770 2511">
    <p class='ocr_par' dir='ltr' id='par_1_2' title="bbox 264 394 1769 1891">
     <span class='ocr_line' id='line_1_2' title="bbox 266 394 1766 448; baseline -0.001 -11"><span class='ocrx_word' id='word_1_3' title='bbox 266 396 432 437; x_wconf 85' lang='lat' dir='ltr'>uertere</span> <span class='ocrx_word' id='word_1_4' title='bbox 464 394 666 436; x_wconf 86' lang='lat' dir='ltr'>iudicium</span> <span class='ocrx_word' id='word_1_5' title='bbox 700 394 787 436; x_wconf 91' lang='lat' dir='ltr'>eius</span> <span class='ocrx_word' id='word_1_6' title='bbox 820 406 962 435; x_wconf 87' lang='lat' dir='ltr'>seruos</span> <span class='ocrx_word' id='word_1_7' title='bbox 985 394 1197 447; x_wconf 80' lang='lat' dir='ltr'>conpellis‚</span> <span class='ocrx_word' id='word_1_8' title='bbox 1230 394 1384 435; x_wconf 83' lang='lat' dir='ltr'>iustam</span> <span class='ocrx_word' id='word_1_9' title='bbox 1406 396 1615 448; x_wconf 84' lang='lat' dir='ltr'>temptans</span> <span class='ocrx_word' id='word_1_10' title='bbox 1640 395 1766 437; x_wconf 87' lang='lat' dir='ltr'>etiam</span> 
     </span>
     <span class='ocr_line' id='line_1_3' title="bbox 265 463 1766 516; baseline -0.001 -11"><span class='ocrx_word' id='word_1_11' title='bbox 265 464 507 506; x_wconf 88' lang='lat' dir='ltr'>muneribus</span> <span class='ocrx_word' id='word_1_12' title='bbox 553 464 738 505; x_wconf 83' lang='lat' dir='ltr'>nostram</span> <span class='ocrx_word' id='word_1_13' title='bbox 785 475 1049 516; x_wconf 86' lang='lat' dir='ltr'>corrumpere</span> <span class='ocrx_word' id='word_1_14' title='bbox 1097 463 1280 504; x_wconf 82' lang='lat' dir='ltr'>dicatam</span> <span class='ocrx_word' id='word_1_15' title='bbox 1323 463 1623 505; x_wconf 73' lang='lat' dir='ltr'>conscientiam</span> <span class='ocrx_word' id='word_1_16' title='bbox 1672 464 1766 505; x_wconf 86' lang='lat' dir='ltr'>deo.</span> 
     </span>
     <span class='ocr_line' id='line_1_4' title="bbox 266 531 1766 585; baseline -0.001 -10"><span class='ocrx_word' id='word_1_17' title='bbox 266 534 304 575; x_wconf 85' lang='lat' dir='ltr'>si</span> <span class='ocrx_word' id='word_1_18' title='bbox 337 533 502 583; x_wconf 75' lang='lat' dir='ltr'>auditu,</span> <span class='ocrx_word' id='word_1_19' title='bbox 538 531 639 573; x_wconf 88' lang='lat' dir='ltr'>dicit</span> <span class='ocrx_word' id='word_1_20' title='bbox 672 532 786 582; x_wconf 66' lang='lat' dir='ltr'>deus7</span> <span class='ocrx_word' id='word_1_21' title='bbox 821 531 1010 574; x_wconf 79' lang='lat' dir='ltr'>audieris</span> <span class='ocrx_word' id='word_1_22' title='bbox 1040 545 1180 573; x_wconf 76' lang='lat' dir='ltr'>uocem</span> <span class='ocrx_word' id='word_1_23' title='bbox 1211 546 1347 574; x_wconf 72' lang='lat' dir='ltr'>ineam</span> <span class='ocrx_word' id='word_1_24' title='bbox 1377 535 1413 573; x_wconf 80' lang='lat' dir='ltr'>et</span> <span class='ocrx_word' id='word_1_25' title='bbox 1443 533 1590 585; x_wconf 79' lang='lat' dir='ltr'>feceris</span> <span class='ocrx_word' id='word_1_26' title='bbox 1620 534 1766 574; x_wconf 77' lang='lat' dir='ltr'>omnia</span> 
     </span>
     <span class='ocr_line' id='line_1_5' title="bbox 268 601 1766 655; baseline 0 -12"><span class='ocrx_word' id='word_1_27' title='bbox 268 615 374 655; x_wconf 77' lang='lat' dir='ltr'>qnae</span> <span class='ocrx_word' id='word_1_28' title='bbox 404 602 548 643; x_wconf 76' lang='lat' dir='ltr'>dixero</span> <span class='ocrx_word' id='word_1_29' title='bbox 580 601 667 654; x_wconf 87' lang='lat' dir='ltr'>tibi,</span> <span class='ocrx_word' id='word_1_30' title='bbox 707 601 908 642; x_wconf 76' lang='lat' dir='ltr'>inimicus</span> <span class='ocrx_word' id='word_1_31' title='bbox 938 613 1005 642; x_wconf 82' lang='grc' dir='ltr'>6νο</span> <span class='ocrx_word' id='word_1_32' title='bbox 1034 601 1223 642; x_wconf 79' lang='lat' dir='ltr'>inimicis</span> <span class='ocrx_word' id='word_1_33' title='bbox 1253 602 1338 642; x_wconf 75' lang='lat' dir='ltr'>tais</span> <span class='ocrx_word' id='word_1_34' title='bbox 1377 604 1412 643; x_wconf 79' lang='lat' dir='ltr'>ct</span> <span class='ocrx_word' id='word_1_35' title='bbox 1443 602 1637 642; x_wconf 76' lang='lat' dir='ltr'>¹resistam</span> <span class='ocrx_word' id='word_1_36' title='bbox 1670 615 1766 643; x_wconf 76' lang='lat' dir='ltr'>con-</span> 
     </span>
     <span class='ocr_line' id='line_1_6' title="bbox 269 668 1766 722; baseline 0.001 -12"><span class='ocrx_word' id='word_1_37' title='bbox 269 670 420 711; x_wconf 79' lang='lat' dir='ltr'><em>trariis</em></span> <span class='ocrx_word' id='word_1_38' title='bbox 436 670 533 710; x_wconf 77' lang='lat' dir='ltr'>tais.</span> <span class='ocrx_word' id='word_1_39' title='bbox 576 668 659 710; x_wconf 83' lang='lat' dir='ltr'>iam</span> <span class='ocrx_word' id='word_1_40' title='bbox 680 669 799 710; x_wconf 87' lang='lat' dir='ltr'>tuum</span> <span class='ocrx_word' id='word_1_41' title='bbox 824 669 878 710; x_wconf 87' lang='lat' dir='ltr'>sit</span> <span class='ocrx_word' id='word_1_42' title='bbox 895 670 1071 722; x_wconf 83' lang='lat' dir='ltr'>probare</span> <span class='ocrx_word' id='word_1_43' title='bbox 1092 669 1355 722; x_wconf 72' lang='lat' dir='ltr'>praecepisse</span> <span class='ocrx_word' id='word_1_44' title='bbox 1381 669 1503 710; x_wconf 88' lang='lat' dir='ltr'>deum</span> <span class='ocrx_word' id='word_1_45' title='bbox 1525 670 1766 711; x_wconf 86' lang='lat' dir='ltr'>innocentes</span> 
     </span>
     <span class='ocr_line' id='line_1_7' title="bbox 273 737 1765 792; baseline -0.001 -12"><span class='ocrx_word' id='word_1_46' title='bbox 273 751 362 781; x_wconf 87' lang='lat' dir='ltr'>esse</span> <span class='ocrx_word' id='word_1_47' title='bbox 404 738 716 792; x_wconf 64' lang='lat' dir='ltr'>percutiendos,</span> <span class='ocrx_word' id='word_1_48' title='bbox 767 737 1038 791; x_wconf 81' lang='lat' dir='ltr'>apostolicam</span> <span class='ocrx_word' id='word_1_49' title='bbox 1079 738 1351 779; x_wconf 83' lang='lat' dir='ltr'>deserendam</span> <span class='ocrx_word' id='word_1_50' title='bbox 1398 738 1523 779; x_wconf 86' lang='lat' dir='ltr'>fidem</span> <span class='ocrx_word' id='word_1_51' title='bbox 1572 738 1612 779; x_wconf 89' lang='lat' dir='ltr'>et</span> <span class='ocrx_word' id='word_1_52' title='bbox 1649 739 1765 779; x_wconf 87' lang='lat' dir='ltr'>tuam</span> 
     </span>
     <span class='ocr_line' id='line_1_8' title="bbox 270 806 1767 860; baseline -0.001 -12"><span class='ocrx_word' id='word_1_53' title='bbox 270 807 578 860; x_wconf 76' lang='lat' dir='ltr'>suscipiendam</span> <span class='ocrx_word' id='word_1_54' title='bbox 623 806 854 859; x_wconf 84' lang='lat' dir='ltr'>perfidiam.</span> <span class='ocrx_word' id='word_1_55' title='bbox 917 819 990 848; x_wconf 88' lang='lat' dir='ltr'>cur</span> <span class='ocrx_word' id='word_1_56' title='bbox 1034 807 1158 856; x_wconf 75' lang='lat' dir='ltr'>haec,</span> <span class='ocrx_word' id='word_1_57' title='bbox 1208 819 1313 859; x_wconf 83' lang='lat' dir='ltr'>quae</span> <span class='ocrx_word' id='word_1_58' title='bbox 1360 806 1570 848; x_wconf 86' lang='lat' dir='ltr'>mandatis</span> <span class='ocrx_word' id='word_1_59' title='bbox 1611 806 1767 848; x_wconf 89' lang='lat' dir='ltr'>domini</span> 
     </span>
     <span class='ocr_line' id='line_1_9' title="bbox 270 875 1766 929; baseline 0 -13"><span class='ocrx_word' id='word_1_60' title='bbox 270 875 558 926; x_wconf 66' lang='lat' dir='ltr'>aduersanfflr,</span> <span class='ocrx_word' id='word_1_61' title='bbox 590 875 680 916; x_wconf 89' lang='lat' dir='ltr'>fieri</span> <span class='ocrx_word' id='word_1_62' title='bbox 711 875 1050 928; x_wconf 83' lang='lat' dir='ltr'>praecipiendum</span> <span class='ocrx_word' id='word_1_63' title='bbox 1082 875 1269 929; x_wconf 77' lang='lat' dir='ltr'>putasti?</span> <span class='ocrx_word' id='word_1_64' title='bbox 1302 888 1396 916; x_wconf 90' lang='lat' dir='ltr'>cum</span> <span class='ocrx_word' id='word_1_65' title='bbox 1431 876 1555 917; x_wconf 82' lang='lat' dir='ltr'>etiam</span> <span class='ocrx_word' id='word_1_66' title='bbox 1577 876 1618 916; x_wconf 89' lang='lat' dir='ltr'>in</span> <span class='ocrx_word' id='word_1_67' title='bbox 1641 875 1766 917; x_wconf 92' lang='lat' dir='ltr'>Leui-</span> 
     </span>
     <span class='ocr_line' id='line_1_10' title="bbox 266 943 1768 998; baseline 0.001 -14"><span class='ocrx_word' id='word_1_68' title='bbox 266 944 350 985; x_wconf 91' lang='lat' dir='ltr'>tico</span> <span class='ocrx_word' id='word_1_69' title='bbox 393 943 604 985; x_wconf 90' lang='lat' dir='ltr'>dominum</span> <span class='ocrx_word' id='word_1_70' title='bbox 649 944 889 986; x_wconf 87' lang='lat' dir='ltr'>memineris</span> <span class='ocrx_word' id='word_1_71' title='bbox 931 944 1082 986; x_wconf 84' lang='lat' dir='ltr'>dixisse</span> <span class='ocrx_word' id='word_1_72' title='bbox 1132 944 1182 985; x_wconf 85' lang='lat' dir='ltr'>ad</span> <span class='ocrx_word' id='word_1_73' title='bbox 1222 945 1415 998; x_wconf 87' lang='lat' dir='ltr'>Moysen:</span> <span class='ocrx_word' id='word_1_74' title='bbox 1463 944 1624 997; x_wconf 77' lang='lat' dir='ltr'>loquere</span> <span class='ocrx_word' id='word_1_75' title='bbox 1659 944 1768 997; x_wconf 76' lang='lat' dir='ltr'>filiis</span> 
     </span>
     <span class='ocr_line' id='line_1_11' title="bbox 266 1012 1765 1067; baseline 0 -13"><span class='ocrx_word' id='word_1_76' title='bbox 266 1012 406 1055; x_wconf 77' lang='lat' dir='ltr'>Israel</span> <span class='ocrx_word' id='word_1_77' title='bbox 436 1016 475 1054; x_wconf 81' lang='lat' dir='ltr'>et</span> <span class='ocrx_word' id='word_1_78' title='bbox 504 1014 614 1055; x_wconf 78' lang='lat' dir='ltr'>dices</span> <span class='ocrx_word' id='word_1_79' title='bbox 652 1014 707 1055; x_wconf 78' lang='lat' dir='ltr'>ad</span> <span class='ocrx_word' id='word_1_80' title='bbox 746 1026 832 1055; x_wconf 78' lang='lat' dir='ltr'>eos:</span> <span class='ocrx_word' id='word_1_81' title='bbox 878 1027 947 1067; x_wconf 91' lang='grc'><em>690</em></span> <span class='ocrx_word' id='word_1_82' title='bbox 984 1014 1181 1055; x_wconf 78' lang='lat' dir='ltr'>dominns</span> <span class='ocrx_word' id='word_1_83' title='bbox 1220 1013 1319 1054; x_wconf 79' lang='lat' dir='ltr'>deas</span> <span class='ocrx_word' id='word_1_84' title='bbox 1348 1016 1494 1066; x_wconf 79' lang='lat' dir='ltr'>uester,</span> <span class='ocrx_word' id='word_1_85' title='bbox 1534 1013 1765 1054; x_wconf 76' lang='lat' dir='ltr'>secandam</span> 
     </span>
     <span class='ocr_line' id='line_1_12' title="bbox 265 1081 1764 1137; baseline 0 -14"><span class='ocrx_word' id='word_1_86' title='bbox 265 1082 410 1124; x_wconf 81' lang='lat' dir='ltr'>stadia</span> <span class='ocrx_word' id='word_1_87' title='bbox 440 1085 573 1124; x_wconf 80' lang='lat' dir='ltr'>terrae</span> <span class='ocrx_word' id='word_1_88' title='bbox 605 1084 796 1137; x_wconf 59' lang='lat' dir='ltr'>Aegypti,</span> <span class='ocrx_word' id='word_1_89' title='bbox 828 1083 876 1124; x_wconf 88' lang='lat' dir='ltr'>in</span> <span class='ocrx_word' id='word_1_90' title='bbox 907 1096 992 1136; x_wconf 76' lang='lat' dir='ltr'>qna</span> <span class='ocrx_word' id='word_1_91' title='bbox 1021 1082 1305 1133; x_wconf 67' lang='lat' dir='ltr'>inhabitastis,</span> <span class='ocrx_word' id='word_1_92' title='bbox 1336 1083 1384 1123; x_wconf 87' lang='lat' dir='ltr'>in</span> <span class='ocrx_word' id='word_1_93' title='bbox 1405 1096 1453 1124; x_wconf 83' lang='lat' dir='ltr'>ea</span> <span class='ocrx_word' id='word_1_94' title='bbox 1483 1095 1565 1123; x_wconf 83' lang='lat' dir='ltr'>non</span> <span class='ocrx_word' id='word_1_95' title='bbox 1587 1081 1764 1134; x_wconf 81' lang='lat' dir='ltr'>facietis,</span> 
     </span>
     <span class='ocr_line' id='line_1_13' title="bbox 266 1150 1766 1205; baseline 0.001 -14"><span class='ocrx_word' id='word_1_96' title='bbox 266 1153 302 1191; x_wconf 81' lang='lat' dir='ltr'>et</span> <span class='ocrx_word' id='word_1_97' title='bbox 332 1150 559 1192; x_wconf 78' lang='lat' dir='ltr'>secandum</span> <span class='ocrx_word' id='word_1_98' title='bbox 595 1151 741 1192; x_wconf 81' lang='lat' dir='ltr'>stadia</span> <span class='ocrx_word' id='word_1_99' title='bbox 779 1154 914 1192; x_wconf 78' lang='lat' dir='ltr'>terrae</span> <span class='ocrx_word' id='word_1_100' title='bbox 948 1150 1318 1203; x_wconf 75' lang='lat' dir='ltr'>Chananaeornin,</span> <span class='ocrx_word' id='word_1_101' title='bbox 1359 1150 1406 1191; x_wconf 86' lang='lat' dir='ltr'>in</span> <span class='ocrx_word' id='word_1_102' title='bbox 1437 1163 1564 1203; x_wconf 79' lang='lat' dir='ltr'>qaam</span> <span class='ocrx_word' id='word_1_103' title='bbox 1595 1163 1663 1205; x_wconf 90' lang='grc'><em>690</em></span> <span class='ocrx_word' id='word_1_104' title='bbox 1696 1151 1766 1192; x_wconf 86' lang='lat' dir='ltr'>in-</span> 
     </span>
     <span class='ocr_line' id='line_1_14' title="bbox 267 1219 1764 1273; baseline 0 -13"><span class='ocrx_word' id='word_1_105' title='bbox 267 1219 424 1261; x_wconf 77' lang='lat' dir='ltr'>duxero</span> <span class='ocrx_word' id='word_1_106' title='bbox 456 1232 541 1272; x_wconf 80' lang='lat' dir='ltr'>nos,</span> <span class='ocrx_word' id='word_1_107' title='bbox 575 1219 632 1261; x_wconf 87' lang='lat' dir='ltr'>ibi</span> <span class='ocrx_word' id='word_1_108' title='bbox 663 1233 750 1261; x_wconf 83' lang='lat' dir='ltr'>non</span> <span class='ocrx_word' id='word_1_109' title='bbox 779 1220 947 1273; x_wconf 80' lang='lat' dir='ltr'>facietis</span> <span class='ocrx_word' id='word_1_110' title='bbox 977 1222 1015 1260; x_wconf 77' lang='lat' dir='ltr'>et</span> <span class='ocrx_word' id='word_1_111' title='bbox 1044 1220 1092 1260; x_wconf 90' lang='lat' dir='ltr'>in</span> <span class='ocrx_word' id='word_1_112' title='bbox 1125 1219 1311 1272; x_wconf 71' lang='lat' dir='ltr'>leyitima</span> <span class='ocrx_word' id='word_1_113' title='bbox 1342 1231 1482 1260; x_wconf 78' lang='lat' dir='ltr'>eorum</span> <span class='ocrx_word' id='word_1_114' title='bbox 1505 1232 1588 1260; x_wconf 82' lang='lat' dir='ltr'>non</span> <span class='ocrx_word' id='word_1_115' title='bbox 1617 1219 1764 1260; x_wconf 72' lang='lat' dir='ltr'>ambu-</span> 
     </span>
     <span class='ocr_line' id='line_1_15' title="bbox 270 1287 1767 1342; baseline -0.001 -13"><span class='ocrx_word' id='word_1_116' title='bbox 270 1287 425 1330; x_wconf 80' lang='lat' dir='ltr'>labitis.</span> <span class='ocrx_word' id='word_1_117' title='bbox 487 1289 651 1331; x_wconf 79' lang='lat' dir='ltr'>iudicia</span> <span class='ocrx_word' id='word_1_118' title='bbox 689 1302 780 1330; x_wconf 81' lang='lat' dir='ltr'>mea</span> <span class='ocrx_word' id='word_1_119' title='bbox 817 1289 981 1342; x_wconf 81' lang='lat' dir='ltr'>facietis</span> <span class='ocrx_word' id='word_1_120' title='bbox 1027 1292 1062 1330; x_wconf 82' lang='lat' dir='ltr'>et</span> <span class='ocrx_word' id='word_1_121' title='bbox 1095 1291 1325 1342; x_wconf 71' lang='lat' dir='ltr'>praecepta</span> <span class='ocrx_word' id='word_1_122' title='bbox 1362 1302 1456 1329; x_wconf 79' lang='lat' dir='ltr'>mea</span> <span class='ocrx_word' id='word_1_123' title='bbox 1494 1289 1691 1330; x_wconf 77' lang='lat' dir='ltr'>custodite</span> <span class='ocrx_word' id='word_1_124' title='bbox 1731 1291 1767 1330; x_wconf 82' lang='lat' dir='ltr'>et</span> 
     </span>
     <span class='ocr_line' id='line_1_16' title="bbox 272 1356 1766 1412; baseline 0.001 -15"><span class='ocrx_word' id='word_1_125' title='bbox 272 1356 484 1398; x_wconf 79' lang='lat' dir='ltr'>ambulate</span> <span class='ocrx_word' id='word_1_126' title='bbox 515 1358 563 1398; x_wconf 85' lang='lat' dir='ltr'>in</span> <span class='ocrx_word' id='word_1_127' title='bbox 594 1358 664 1399; x_wconf 86' lang='lat' dir='ltr'>eis.</span> <span class='ocrx_word' id='word_1_128' title='bbox 726 1370 795 1412; x_wconf 88' lang='grc'><em>690</em></span> <span class='ocrx_word' id='word_1_129' title='bbox 825 1358 1020 1399; x_wconf 79' lang='lat' dir='ltr'>dominas</span> <span class='ocrx_word' id='word_1_130' title='bbox 1051 1358 1151 1399; x_wconf 78' lang='lat' dir='ltr'>deas</span> <span class='ocrx_word' id='word_1_131' title='bbox 1183 1360 1331 1398; x_wconf 75' lang='lat' dir='ltr'>uester.</span> <span class='ocrx_word' id='word_1_132' title='bbox 1393 1358 1592 1399; x_wconf 71' lang='lat' dir='ltr'>custodite</span> <span class='ocrx_word' id='word_1_133' title='bbox 1624 1358 1766 1399; x_wconf 85' lang='lat' dir='ltr'>omnia</span> 
     </span>
     <span class='ocr_line' id='line_1_17' title="bbox 264 1426 1769 1480; baseline -0.001 -13"><span class='ocrx_word' id='word_1_134' title='bbox 264 1429 489 1479; x_wconf 74' lang='lat' dir='ltr'>praecepta</span> <span class='ocrx_word' id='word_1_135' title='bbox 521 1440 613 1468; x_wconf 79' lang='lat' dir='ltr'>mea</span> <span class='ocrx_word' id='word_1_136' title='bbox 644 1429 681 1468; x_wconf 81' lang='lat' dir='ltr'>et</span> <span class='ocrx_word' id='word_1_137' title='bbox 710 1427 854 1468; x_wconf 81' lang='lat' dir='ltr'>omnia</span> <span class='ocrx_word' id='word_1_138' title='bbox 875 1426 1040 1468; x_wconf 76' lang='lat' dir='ltr'>indicia</span> <span class='ocrx_word' id='word_1_139' title='bbox 1060 1440 1152 1468; x_wconf 84' lang='lat' dir='ltr'>mea</span> <span class='ocrx_word' id='word_1_140' title='bbox 1177 1429 1212 1468; x_wconf 81' lang='lat' dir='ltr'>et</span> <span class='ocrx_word' id='word_1_141' title='bbox 1232 1426 1399 1479; x_wconf 79' lang='lat' dir='ltr'>facietis</span> <span class='ocrx_word' id='word_1_142' title='bbox 1430 1440 1501 1480; x_wconf 79' lang='lat' dir='ltr'>ea;</span> <span class='ocrx_word' id='word_1_143' title='bbox 1534 1427 1606 1479; x_wconf 74' lang='lat' dir='ltr'>qui</span> <span class='ocrx_word' id='word_1_144' title='bbox 1625 1426 1769 1479; x_wconf 77' lang='lat' dir='ltr'>fecerit</span> 
     </span>
     <span class='ocr_line' id='line_1_18' title="bbox 267 1495 1765 1550; baseline 0.001 -15"><span class='ocrx_word' id='word_1_145' title='bbox 267 1507 315 1535; x_wconf 79' lang='lat' dir='ltr'>ea</span> <span class='ocrx_word' id='word_1_146' title='bbox 346 1495 464 1536; x_wconf 73' lang='lat' dir='ltr'>hoino</span> <span class='ocrx_word' id='word_1_147' title='bbox 496 1496 612 1537; x_wconf 77' lang='lat' dir='ltr'>uiuet</span> <span class='ocrx_word' id='word_1_148' title='bbox 643 1496 691 1536; x_wconf 88' lang='lat' dir='ltr'>in</span> <span class='ocrx_word' id='word_1_149' title='bbox 722 1496 838 1548; x_wconf 75' lang='lat' dir='ltr'>ipsis.</span> <span class='ocrx_word' id='word_1_150' title='bbox 886 1509 955 1550; x_wconf 92' lang='grc'>690</span> <span class='ocrx_word' id='word_1_151' title='bbox 988 1495 1180 1536; x_wconf 81' lang='lat' dir='ltr'>dominas</span> <span class='ocrx_word' id='word_1_152' title='bbox 1210 1495 1308 1536; x_wconf 79' lang='lat' dir='ltr'>deas</span> <span class='ocrx_word' id='word_1_153' title='bbox 1341 1498 1485 1537; x_wconf 75' lang='lat' dir='ltr'>nester.</span> <span class='ocrx_word' id='word_1_154' title='bbox 1520 1495 1552 1537; x_wconf 89' lang='lat' dir='ltr'>si</span> <span class='ocrx_word' id='word_1_155' title='bbox 1578 1495 1619 1536; x_wconf 90' lang='lat' dir='ltr'>in</span> <span class='ocrx_word' id='word_1_156' title='bbox 1641 1507 1765 1548; x_wconf 85' lang='lat' dir='ltr'>prae-</span> 
     </span>
     <span class='ocr_line' id='line_1_19' title="bbox 266 1563 1766 1617; baseline 0.001 -14"><span class='ocrx_word' id='word_1_157' title='bbox 266 1563 398 1616; x_wconf 77' lang='lat' dir='ltr'>ceptis</span> <span class='ocrx_word' id='word_1_158' title='bbox 432 1563 586 1604; x_wconf 87' lang='lat' dir='ltr'>domini</span> <span class='ocrx_word' id='word_1_159' title='bbox 619 1564 767 1605; x_wconf 81' lang='lat' dir='ltr'>docere</span> <span class='ocrx_word' id='word_1_160' title='bbox 800 1564 918 1606; x_wconf 84' lang='lat' dir='ltr'>uales</span> <span class='ocrx_word' id='word_1_161' title='bbox 941 1564 1222 1617; x_wconf 85' lang='lat' dir='ltr'>conscriptum</span> <span class='ocrx_word' id='word_1_162' title='bbox 1247 1564 1379 1606; x_wconf 88' lang='lat' dir='ltr'>iustos</span> <span class='ocrx_word' id='word_1_163' title='bbox 1404 1577 1494 1606; x_wconf 91' lang='lat' dir='ltr'>esse</span> <span class='ocrx_word' id='word_1_164' title='bbox 1519 1563 1571 1605; x_wconf 84' lang='lat' dir='ltr'>ad</span> <span class='ocrx_word' id='word_1_165' title='bbox 1592 1563 1766 1604; x_wconf 85' lang='lat' dir='ltr'>iniusto-</span> 
     </span>
     <span class='ocr_line' id='line_1_20' title="bbox 264 1632 1766 1687; baseline 0.001 -15"><span class='ocrx_word' id='word_1_166' title='bbox 264 1644 356 1672; x_wconf 91' lang='lat' dir='ltr'>rum</span> <span class='ocrx_word' id='word_1_167' title='bbox 380 1632 669 1685; x_wconf 72' lang='lat' dir='ltr'>suggestiones</span> <span class='ocrx_word' id='word_1_168' title='bbox 691 1633 934 1686; x_wconf 71' lang='lat' dir='ltr'>puniendos,</span> <span class='ocrx_word' id='word_1_169' title='bbox 955 1633 1070 1674; x_wconf 86' lang='lat' dir='ltr'>recte</span> <span class='ocrx_word' id='word_1_170' title='bbox 1097 1634 1247 1674; x_wconf 88' lang='lat' dir='ltr'>cuncta</span> <span class='ocrx_word' id='word_1_171' title='bbox 1267 1633 1310 1674; x_wconf 90' lang='lat' dir='ltr'>te</span> <span class='ocrx_word' id='word_1_172' title='bbox 1335 1633 1470 1687; x_wconf 87' lang='lat' dir='ltr'>egisse</span> <span class='ocrx_word' id='word_1_173' title='bbox 1495 1634 1618 1686; x_wconf 83' lang='lat' dir='ltr'>atque</span> <span class='ocrx_word' id='word_1_174' title='bbox 1643 1645 1766 1686; x_wconf 84' lang='lat' dir='ltr'>agere</span> 
     </span>
     <span class='ocr_line' id='line_1_21' title="bbox 266 1700 1766 1755; baseline 0.001 -15"><span class='ocrx_word' id='word_1_175' title='bbox 266 1700 421 1753; x_wconf 86' lang='lat' dir='ltr'>poteris</span> <span class='ocrx_word' id='word_1_176' title='bbox 455 1700 685 1743; x_wconf 84' lang='lat' dir='ltr'>aduertere.</span> <span class='ocrx_word' id='word_1_177' title='bbox 752 1702 854 1743; x_wconf 89' lang='lat' dir='ltr'>doce</span> <span class='ocrx_word' id='word_1_178' title='bbox 886 1702 926 1743; x_wconf 91' lang='lat' dir='ltr'>in</span> <span class='ocrx_word' id='word_1_179' title='bbox 958 1702 1168 1743; x_wconf 82' lang='lat' dir='ltr'>mandatis</span> <span class='ocrx_word' id='word_1_180' title='bbox 1201 1702 1267 1743; x_wconf 92' lang='lat' dir='ltr'>dei</span> <span class='ocrx_word' id='word_1_181' title='bbox 1290 1702 1571 1755; x_wconf 87' lang='lat' dir='ltr'>conscriptum</span> <span class='ocrx_word' id='word_1_182' title='bbox 1604 1700 1766 1742; x_wconf 89' lang='lat' dir='ltr'>calum-</span> 
     </span>
     <span class='ocr_line' id='line_1_22' title="bbox 268 1769 1767 1823; baseline 0.001 -14"><span class='ocrx_word' id='word_1_183' title='bbox 268 1769 347 1810; x_wconf 88' lang='lat' dir='ltr'>niis</span> <span class='ocrx_word' id='word_1_184' title='bbox 378 1769 530 1822; x_wconf 88' lang='lat' dir='ltr'>petitos</span> <span class='ocrx_word' id='word_1_185' title='bbox 564 1769 652 1811; x_wconf 89' lang='lat' dir='ltr'>eius</span> <span class='ocrx_word' id='word_1_186' title='bbox 684 1769 865 1812; x_wconf 84' lang='lat' dir='ltr'>cultores</span> <span class='ocrx_word' id='word_1_187' title='bbox 900 1783 922 1811; x_wconf 86' lang='lat' dir='ltr'>a</span> <span class='ocrx_word' id='word_1_188' title='bbox 951 1770 993 1811; x_wconf 91' lang='lat' dir='ltr'>te</span> <span class='ocrx_word' id='word_1_189' title='bbox 1027 1769 1174 1811; x_wconf 90' lang='lat' dir='ltr'>domus</span> <span class='ocrx_word' id='word_1_190' title='bbox 1200 1770 1287 1811; x_wconf 91' lang='lat' dir='ltr'>eius</span> <span class='ocrx_word' id='word_1_191' title='bbox 1309 1770 1576 1823; x_wconf 88' lang='lat' dir='ltr'>persecutore</span> <span class='ocrx_word' id='word_1_192' title='bbox 1598 1782 1671 1823; x_wconf 90' lang='lat' dir='ltr'>per</span> <span class='ocrx_word' id='word_1_193' title='bbox 1694 1781 1767 1810; x_wconf 87' lang='lat' dir='ltr'>nos</span> 
     </span>
     <span class='ocr_line' id='line_1_23' title="bbox 271 1838 954 1891; baseline -0.001 -12"><span class='ocrx_word' id='word_1_194' title='bbox 271 1838 486 1891; x_wconf 87' lang='lat' dir='ltr'>episcopos</span> <span class='ocrx_word' id='word_1_195' title='bbox 520 1851 610 1879; x_wconf 84' lang='lat' dir='ltr'>esse</span> <span class='ocrx_word' id='word_1_196' title='bbox 642 1838 954 1880; x_wconf 89' lang='lat' dir='ltr'>interimendos.</span> 
     </span>
    </p>

    <p class='ocr_par' dir='ltr' id='par_1_3' title="bbox 269 1906 1770 2511">
     <span class='ocr_line' id='line_1_24' title="bbox 326 1906 1765 1960; baseline 0.001 -14"><span class='ocrx_word' id='word_1_197' title='bbox 326 1907 424 1947; x_wconf 87' lang='grc' dir='ltr'><strong>ΙΙΙΙ.</strong></span> <span class='ocrx_word' id='word_1_198' title='bbox 460 1906 543 1948; x_wconf 86' lang='lat' dir='ltr'>Cur</span> <span class='ocrx_word' id='word_1_199' title='bbox 577 1906 629 1948; x_wconf 86' lang='lat' dir='ltr'>ad</span> <span class='ocrx_word' id='word_1_200' title='bbox 660 1907 766 1948; x_wconf 86' lang='lat' dir='ltr'>hanc</span> <span class='ocrx_word' id='word_1_201' title='bbox 798 1919 870 1960; x_wconf 87' lang='lat' dir='ltr'>per</span> <span class='ocrx_word' id='word_1_202' title='bbox 902 1907 1139 1948; x_wconf 86' lang='lat' dir='ltr'>coarrianos</span> <span class='ocrx_word' id='word_1_203' title='bbox 1170 1908 1265 1948; x_wconf 87' lang='lat' dir='ltr'>tuos</span> <span class='ocrx_word' id='word_1_204' title='bbox 1299 1907 1503 1948; x_wconf 87' lang='lat' dir='ltr'>deductus</span> <span class='ocrx_word' id='word_1_205' title='bbox 1528 1920 1571 1948; x_wconf 88' lang='lat' dir='ltr'>es</span> <span class='ocrx_word' id='word_1_206' title='bbox 1592 1907 1765 1960; x_wconf 84' lang='lat' dir='ltr'>implen-</span> 
     </span>
     <span class='ocr_line' id='line_1_25' title="bbox 271 1975 1768 2028; baseline 0.001 -13"><span class='ocrx_word' id='word_1_207' title='bbox 271 1975 367 2016; x_wconf 83' lang='lat' dir='ltr'>dam</span> <span class='ocrx_word' id='word_1_208' title='bbox 407 1975 643 2016; x_wconf 77' lang='lat' dir='ltr'>malitiam?</span> <span class='ocrx_word' id='word_1_209' title='bbox 705 1987 812 2028; x_wconf 85' lang='lat' dir='ltr'>quae</span> <span class='ocrx_word' id='word_1_210' title='bbox 860 1975 997 2028; x_wconf 85' lang='lat' dir='ltr'>coegit</span> <span class='ocrx_word' id='word_1_211' title='bbox 1032 1975 1073 2016; x_wconf 92' lang='lat' dir='ltr'>te</span> <span class='ocrx_word' id='word_1_212' title='bbox 1114 1987 1243 2016; x_wconf 82' lang='lat' dir='ltr'>causa</span> <span class='ocrx_word' id='word_1_213' title='bbox 1280 1975 1573 2028; x_wconf 79' lang='lat' dir='ltr'>imperatorem</span> <span class='ocrx_word' id='word_1_214' title='bbox 1623 1975 1768 2028; x_wconf 88' lang='lat' dir='ltr'>petere</span> 
     </span>
     <span class='ocr_line' id='line_1_26' title="bbox 271 2043 1767 2097; baseline 0 -13"><span class='ocrx_word' id='word_1_215' title='bbox 271 2043 490 2084; x_wconf 82' lang='lat' dir='ltr'>calumniis</span> <span class='ocrx_word' id='word_1_216' title='bbox 534 2043 599 2084; x_wconf 93' lang='lat' dir='ltr'>dei</span> <span class='ocrx_word' id='word_1_217' title='bbox 637 2043 875 2085; x_wconf 74' lang='lat' dir='ltr'>hominem?</span> <span class='ocrx_word' id='word_1_218' title='bbox 937 2043 1138 2097; x_wconf 89' lang='lat' dir='ltr'>numquid</span> <span class='ocrx_word' id='word_1_219' title='bbox 1176 2056 1254 2085; x_wconf 89' lang='lat' dir='ltr'>non</span> <span class='ocrx_word' id='word_1_220' title='bbox 1295 2044 1460 2097; x_wconf 75' lang='lat' dir='ltr'>legeras</span> <span class='ocrx_word' id='word_1_221' title='bbox 1498 2043 1537 2084; x_wconf 89' lang='lat' dir='ltr'>in</span> <span class='ocrx_word' id='word_1_222' title='bbox 1576 2043 1767 2085; x_wconf 85' lang='lat' dir='ltr'>Leuitico</span> 
     </span>
     <span class='ocr_line' id='line_1_27' title="bbox 273 2112 1767 2165; baseline 0 -12"><span class='ocrx_word' id='word_1_223' title='bbox 273 2112 426 2154; x_wconf 80' lang='lat' dir='ltr'>dixisse</span> <span class='ocrx_word' id='word_1_224' title='bbox 477 2112 621 2153; x_wconf 81' lang='lat' dir='ltr'>deum:</span> <span class='ocrx_word' id='word_1_225' title='bbox 668 2112 797 2154; x_wconf 78' lang='lat' dir='ltr'>nolite</span> <span class='ocrx_word' id='word_1_226' title='bbox 841 2113 1055 2154; x_wconf 80' lang='lat' dir='ltr'>mendacio</span> <span class='ocrx_word' id='word_1_227' title='bbox 1088 2115 1225 2165; x_wconf 76' lang='lat' dir='ltr'>petere</span> <span class='ocrx_word' id='word_1_228' title='bbox 1269 2126 1398 2165; x_wconf 77' lang='lat' dir='ltr'>neque</span> <span class='ocrx_word' id='word_1_229' title='bbox 1444 2112 1767 2154; x_wconf 71' lang='lat' dir='ltr'>calumniemini</span> 
     </span>
     <span class='ocr_line' id='line_1_28' title="bbox 272 2180 1769 2234; baseline 0 -12"><span class='ocrx_word' id='word_1_230' title='bbox 272 2181 560 2234; x_wconf 74' lang='lat' dir='ltr'>unusquisque</span> <span class='ocrx_word' id='word_1_231' title='bbox 572 2181 853 2234; x_wconf 72' lang='lat' dir='ltr'>proximum?</span> <span class='ocrx_word' id='word_1_232' title='bbox 878 2181 918 2222; x_wconf 89' lang='lat' dir='ltr'>et</span> <span class='ocrx_word' id='word_1_233' title='bbox 938 2180 1062 2222; x_wconf 77' lang='lat' dir='ltr'>infra:</span> <span class='ocrx_word' id='word_1_234' title='bbox 1085 2194 1169 2223; x_wconf 88' lang='lat' dir='ltr'>non</span> <span class='ocrx_word' id='word_1_235' title='bbox 1191 2181 1453 2223; x_wconf 79' lang='lat' dir='ltr'>mentiemini</span> <span class='ocrx_word' id='word_1_236' title='bbox 1468 2195 1596 2234; x_wconf 76' lang='lat' dir='ltr'>neque</span> <span class='ocrx_word' id='word_1_237' title='bbox 1614 2181 1769 2222; x_wconf 78' lang='lat' dir='ltr'>calum-</span> 
     </span>
     <span class='ocr_line' id='line_1_29' title="bbox 269 2250 1770 2303; baseline 0.001 -13"><span class='ocrx_word' id='word_1_238' title='bbox 269 2250 390 2290; x_wconf 84' lang='lat' dir='ltr'>niam</span> <span class='ocrx_word' id='word_1_239' title='bbox 419 2250 588 2303; x_wconf 78' lang='lat' dir='ltr'>facietis</span> <span class='ocrx_word' id='word_1_240' title='bbox 611 2250 822 2302; x_wconf 74' lang='lat' dir='ltr'>proximo,</span> <span class='ocrx_word' id='word_1_241' title='bbox 855 2253 891 2291; x_wconf 82' lang='lat' dir='ltr'>et</span> <span class='ocrx_word' id='word_1_242' title='bbox 921 2263 1005 2292; x_wconf 89' lang='lat' dir='ltr'>non</span> <span class='ocrx_word' id='word_1_243' title='bbox 1029 2250 1322 2303; x_wconf 75' lang='lat' dir='ltr'>profanabitis</span> <span class='ocrx_word' id='word_1_244' title='bbox 1351 2264 1500 2292; x_wconf 83' lang='lat' dir='ltr'>nomen</span> <span class='ocrx_word' id='word_1_245' title='bbox 1521 2250 1682 2291; x_wconf 81' lang='lat' dir='ltr'>domini</span> <span class='ocrx_word' id='word_1_246' title='bbox 1703 2250 1770 2291; x_wconf 83' lang='lat' dir='ltr'>dei</span> 
     </span>
     <span class='ocr_line' id='line_1_30' title="bbox 270 2318 1768 2372; baseline 0.001 -13"><span class='ocrx_word' id='word_1_247' title='bbox 270 2318 414 2360; x_wconf 77' lang='lat' dir='ltr'>uestri.</span> <span class='ocrx_word' id='word_1_248' title='bbox 448 2331 517 2372; x_wconf 87' lang='grc'><em>690</em></span> <span class='ocrx_word' id='word_1_249' title='bbox 549 2331 644 2359; x_wconf 73' lang='lat' dir='ltr'>suin</span> <span class='ocrx_word' id='word_1_250' title='bbox 675 2318 871 2359; x_wconf 81' lang='lat' dir='ltr'>dominus</span> <span class='ocrx_word' id='word_1_251' title='bbox 903 2319 1003 2360; x_wconf 81' lang='lat' dir='ltr'>deas</span> <span class='ocrx_word' id='word_1_252' title='bbox 1033 2321 1178 2361; x_wconf 77' lang='lat' dir='ltr'>uester.</span> <span class='ocrx_word' id='word_1_253' title='bbox 1211 2332 1298 2360; x_wconf 88' lang='lat' dir='ltr'>non</span> <span class='ocrx_word' id='word_1_254' title='bbox 1330 2319 1494 2360; x_wconf 78' lang='lat' dir='ltr'>nocebis</span> <span class='ocrx_word' id='word_1_255' title='bbox 1519 2319 1768 2371; x_wconf 72' lang='lat' dir='ltr'>proximum</span> 
     </span>
     <span class='ocr_line' id='line_1_31' title="bbox 272 2387 1769 2442; baseline 0 -15"><span class='ocrx_word' id='word_1_256' title='bbox 272 2389 403 2440; x_wconf 77' lang='lat' dir='ltr'>taum,</span> <span class='ocrx_word' id='word_1_257' title='bbox 436 2390 472 2428; x_wconf 83' lang='lat' dir='ltr'>et</span> <span class='ocrx_word' id='word_1_258' title='bbox 502 2387 664 2428; x_wconf 79' lang='lat' dir='ltr'>timebis</span> <span class='ocrx_word' id='word_1_259' title='bbox 693 2387 912 2428; x_wconf 81' lang='lat' dir='ltr'>dominnm</span> <span class='ocrx_word' id='word_1_260' title='bbox 933 2387 1055 2429; x_wconf 81' lang='lat' dir='ltr'>deum</span> <span class='ocrx_word' id='word_1_261' title='bbox 1076 2390 1207 2430; x_wconf 78' lang='lat' dir='ltr'>taum.</span> <span class='ocrx_word' id='word_1_262' title='bbox 1242 2401 1312 2442; x_wconf 87' lang='grc'><em>690</em></span> <span class='ocrx_word' id='word_1_263' title='bbox 1338 2401 1430 2429; x_wconf 81' lang='lat' dir='ltr'>sam</span> <span class='ocrx_word' id='word_1_264' title='bbox 1451 2387 1649 2429; x_wconf 76' lang='lat' dir='ltr'>dominus</span> <span class='ocrx_word' id='word_1_265' title='bbox 1671 2387 1769 2429; x_wconf 79' lang='lat' dir='ltr'>deus</span> 
     </span>
     <span class='ocr_line' id='line_1_32' title="bbox 270 2455 1768 2511; baseline 0.001 -16"><span class='ocrx_word' id='word_1_266' title='bbox 270 2457 378 2498; x_wconf 78' lang='lat' dir='ltr'>taus.</span> <span class='ocrx_word' id='word_1_267' title='bbox 413 2467 497 2496; x_wconf 87' lang='lat' dir='ltr'>non</span> <span class='ocrx_word' id='word_1_268' title='bbox 527 2455 693 2508; x_wconf 81' lang='lat' dir='ltr'>facietis</span> <span class='ocrx_word' id='word_1_269' title='bbox 725 2456 921 2509; x_wconf 79' lang='lat' dir='ltr'>iniquum</span> <span class='ocrx_word' id='word_1_270' title='bbox 951 2457 1000 2497; x_wconf 87' lang='lat' dir='ltr'>in</span> <span class='ocrx_word' id='word_1_271' title='bbox 1022 2457 1190 2511; x_wconf 77' lang='lat' dir='ltr'>iudicio,</span> <span class='ocrx_word' id='word_1_272' title='bbox 1224 2469 1308 2497; x_wconf 86' lang='lat' dir='ltr'>non</span> <span class='ocrx_word' id='word_1_273' title='bbox 1335 2456 1523 2508; x_wconf 74' lang='lat' dir='ltr'>accipias</span> <span class='ocrx_word' id='word_1_274' title='bbox 1537 2468 1768 2508; x_wconf 74' lang='lat' dir='ltr'>personam</span> 
     </span>
    </p>
   </div>
   <div class='ocr_carea' id='block_1_3' title="bbox 403 2601 1676 2646">
    <p class='ocr_par' dir='ltr' id='par_1_4' title="bbox 403 2601 1676 2646">
     <span class='ocr_line' id='line_1_33' title="bbox 403 2601 1676 2646; baseline 0.002 -11"><span class='ocrx_word' id='word_1_275' title='bbox 403 2601 423 2635; x_wconf 86' lang='lat'>3</span> <span class='ocrx_word' id='word_1_276' title='bbox 457 2602 516 2637; x_wconf 82' lang='lat' dir='ltr'>Ex.</span> <span class='ocrx_word' id='word_1_277' title='bbox 551 2603 605 2643; x_wconf 87' lang='grc'>23,</span> <span class='ocrx_word' id='word_1_278' title='bbox 638 2603 682 2637; x_wconf 90' lang='grc'>22</span> <span class='ocrx_word' id='word_1_279' title='bbox 821 2604 841 2638; x_wconf 85' lang='grc'>9</span> <span class='ocrx_word' id='word_1_280' title='bbox 868 2604 981 2638; x_wconf 77' lang='lat' dir='ltr'>Leuit.</span> <span class='ocrx_word' id='word_1_281' title='bbox 1008 2604 1061 2645; x_wconf 79' lang='lat'>18,</span> <span class='ocrx_word' id='word_1_282' title='bbox 1088 2604 1176 2637; x_wconf 84' lang='grc'>2-5</span> <span class='ocrx_word' id='word_1_283' title='bbox 1315 2603 1357 2638; x_wconf 85' lang='grc'>26</span> <span class='ocrx_word' id='word_1_284' title='bbox 1383 2603 1429 2638; x_wconf 89' lang='lat' dir='ltr'>ib.</span> <span class='ocrx_word' id='word_1_285' title='bbox 1465 2604 1516 2646; x_wconf 78' lang='lat'>19,</span> <span class='ocrx_word' id='word_1_286' title='bbox 1543 2603 1676 2637; x_wconf 84' lang='lat'>11—19</span> 
     </span>
    </p>
   </div>
   <div class='ocr_carea' id='block_1_4' title="bbox 335 2739 1676 2785">
    <p class='ocr_par' dir='ltr' id='par_1_5' title="bbox 335 2739 1676 2785">
     <span class='ocr_line' id='line_1_34' title="bbox 335 2739 1676 2785; baseline 0.002 -12"><span class='ocrx_word' id='word_1_287' title='bbox 335 2739 357 2773; x_wconf 88' lang='grc'>3</span> <span class='ocrx_word' id='word_1_288' title='bbox 382 2742 499 2774; x_wconf 53' lang='lat' dir='ltr'>uocef&#39;sf&#39;</span> <span class='ocrx_word' id='word_1_289' title='bbox 525 2741 635 2774; x_wconf 45' lang='lat' dir='ltr'>meast</span> <span class='ocrx_word' id='word_1_290' title='bbox 776 2741 797 2773; x_wconf 85' lang='lat'>4</span> <span class='ocrx_word' id='word_1_291' title='bbox 822 2741 983 2775; x_wconf 85' lang='lat' dir='ltr'>resistam</span> <span class='ocrx_word' id='word_1_292' title='bbox 1009 2751 1120 2785; x_wconf 79' lang='lat' dir='ltr'>super</span> <span class='ocrx_word' id='word_1_293' title='bbox 1151 2740 1332 2773; x_wconf 83' lang='lat' dir='ltr'>restituam</span> <span class='ocrx_word' id='word_1_294' title='bbox 1359 2741 1511 2784; x_wconf 73' lang='lat' dir='ltr'>scripsit</span> <span class='ocrx_word' id='word_1_295' title='bbox 1538 2753 1581 2776; x_wconf 81' lang='lat' dir='ltr'>m.</span> <span class='ocrx_word' id='word_1_296' title='bbox 1607 2753 1676 2776; x_wconf 72' lang='lat' dir='ltr'>ree.</span> 
     </span>
    </p>
   </div>
   <div class='ocr_carea' id='block_1_5' title="bbox 267 2809 1770 2872">
    <p class='ocr_par' dir='ltr' id='par_1_6' title="bbox 267 2809 1770 2872">
     <span class='ocr_line' id='line_1_35' title="bbox 267 2809 1770 2872; baseline -0.002 -13"><span class='ocrx_word' id='word_1_297' title='bbox 267 2826 285 2859; x_wconf 81' lang='lat'><strong>7</strong></span> <span class='ocrx_word' id='word_1_298' title='bbox 303 2821 501 2858; x_wconf 42' lang='lat' dir='ltr'>mandantis</span> <span class='ocrx_word' id='word_1_299' title='bbox 596 2820 638 2853; x_wconf 82' lang='lat'>12</span> <span class='ocrx_word' id='word_1_300' title='bbox 656 2820 910 2855; x_wconf 84' lang='lat' dir='ltr'>chananeorum</span> <span class='ocrx_word' id='word_1_301' title='bbox 1006 2822 1047 2856; x_wconf 88' lang='grc'>18</span> <span class='ocrx_word' id='word_1_302' title='bbox 1065 2814 1186 2856; x_wconf 80' lang='lat' dir='ltr'>docere</span> <span class='ocrx_word' id='word_1_303' title='bbox 1203 2820 1299 2854; x_wconf 81' lang='lat' dir='ltr'>uales</span> <span class='ocrx_word' id='word_1_304' title='bbox 1325 2809 1537 2872; x_wconf 63' lang='lat' dir='ltr'>conscriptos</span> <span class='ocrx_word' id='word_1_305' title='bbox 1562 2812 1690 2856; x_wconf 76' lang='lat' dir='ltr'>iustum</span> <span class='ocrx_word' id='word_1_306' title='bbox 1722 2823 1754 2855; x_wconf 84' lang='lat' dir='ltr'><em>V</em></span> <span class='ocrx_word' id='word_1_307' title='bbox 1757 2836 1770 2866; x_wconf 83' lang='lat'>‚-</span> 
     </span>
    </p>
   </div>
   <div class='ocr_carea' id='block_1_6' title="bbox 269 2872 1769 2936">
    <p class='ocr_par' dir='ltr' id='par_1_7' title="bbox 269 2872 1769 2936">
     <span class='ocr_line' id='line_1_36' title="bbox 269 2872 1769 2936; baseline -0.003 -8"><span class='ocrx_word' id='word_1_308' title='bbox 269 2904 331 2928; x_wconf 74' lang='lat' dir='ltr'>em.</span> <span class='ocrx_word' id='word_1_309' title='bbox 353 2904 372 2926; x_wconf 62' lang='lat' dir='ltr'><em>v</em></span> <span class='ocrx_word' id='word_1_310' title='bbox 467 2892 508 2926; x_wconf 86' lang='lat'>19</span> <span class='ocrx_word' id='word_1_311' title='bbox 534 2883 726 2936; x_wconf 57' lang='lat' dir='ltr'>Jmn&#39;i&#39;endos</span> <span class='ocrx_word' id='word_1_312' title='bbox 819 2892 863 2925; x_wconf 85' lang='lat'>24</span> <span class='ocrx_word' id='word_1_313' title='bbox 889 2872 983 2934; x_wconf 56' lang='lat' dir='ltr'>coegit</span> <span class='ocrx_word' id='word_1_314' title='bbox 1076 2891 1119 2925; x_wconf 87' lang='grc'>29</span> <span class='ocrx_word' id='word_1_315' title='bbox 1144 2877 1296 2934; x_wconf 73' lang='lat' dir='ltr'>proxim3</span> <span class='ocrx_word' id='word_1_316' title='bbox 1330 2877 1389 2924; x_wconf 60' lang='lat' dir='ltr'>mg</span> <span class='ocrx_word' id='word_1_317' title='bbox 1421 2891 1460 2931; x_wconf 88' lang='lat' dir='ltr'>V,</span> <span class='ocrx_word' id='word_1_318' title='bbox 1486 2891 1637 2934; x_wconf 83' lang='lat' dir='ltr'>proximo</span> <span class='ocrx_word' id='word_1_319' title='bbox 1662 2892 1722 2924; x_wconf 86' lang='lat' dir='ltr'>tuo</span> <span class='ocrx_word' id='word_1_320' title='bbox 1747 2902 1769 2924; x_wconf 85' lang='lat' dir='ltr'><em>v</em></span> 
     </span>
    </p>
   </div>
   <div class='ocr_carea' id='block_1_7' title="bbox 1788 1026 1820 1051">
    <p class='ocr_par' dir='ltr' id='par_1_8' title="bbox 1788 1026 1820 1051">
     <span class='ocr_line' id='line_1_37' title="bbox 1788 1026 1820 1051; baseline 0.031 -1"><span class='ocrx_word' id='word_1_321' title='bbox 1788 1026 1820 1051; x_wconf 89' lang='lat'>10</span> 
     </span>
    </p>
   </div>
   <div class='ocr_carea' id='block_1_8' title="bbox 1789 1376 1824 1401">
    <p class='ocr_par' dir='ltr' id='par_1_9' title="bbox 1789 1376 1824 1401">
     <span class='ocr_line' id='line_1_38' title="bbox 1789 1376 1824 1401; baseline 0.057 -2"><span class='ocrx_word' id='word_1_322' title='bbox 1789 1376 1824 1401; x_wconf 85' lang='lat'>15</span> 
     </span>
    </p>
   </div>
   <div class='ocr_carea' id='block_1_9' title="bbox 1789 1718 1823 1742">
    <p class='ocr_par' dir='ltr' id='par_1_10' title="bbox 1789 1718 1823 1742">
     <span class='ocr_line' id='line_1_39' title="bbox 1789 1718 1823 1742; baseline 0 0"><span class='ocrx_word' id='word_1_323' title='bbox 1789 1718 1823 1742; x_wconf 77' lang='lat'>20</span> 
     </span>
    </p>
   </div>
   <div class='ocr_carea' id='block_1_10' title="bbox 1790 2059 1824 2084">
    <p class='ocr_par' dir='ltr' id='par_1_11' title="bbox 1790 2059 1824 2084">
     <span class='ocr_line' id='line_1_40' title="bbox 1790 2059 1824 2084; baseline 0.029 -1"><span class='ocrx_word' id='word_1_324' title='bbox 1790 2059 1824 2084; x_wconf 74' lang='lat'>25</span> 
     </span>
    </p>
   </div>
  </div>
 </body>
</html>
