1934 3278
545 231 598 265 De
624 242 694 266 non
719 231 958 266 conueniendo
983 242 1061 269 oum
1086 232 1281 268 haereticis.
1613 236 1666 278 15

160 359 221 399 et:
256 359 344 401 nol-i
375 357 596 411 adplicare
636 358 815 411 impium
850 358 909 400 ad
942 372 1109 411 pascua
1138 360 1255 408 iusti,
1288 373 1416 413 neque
1445 362 1662 406 seducaris

157 428 382 469 saturitate
412 427 588 468 uentris.
621 429 769 480 septies
799 427 913 469 enim
943 428 1059 470 cadit
1089 429 1227 470 iustus
1247 431 1284 470 et
1304 432 1502 484 resuryet,
1535 431 1661 484 impii

160 498 298 537 autem
331 495 667 548 infirmabuntur
696 496 744 536 in
775 495 916 537 malis.

217 564 309 605 VII.
343 562 449 605 Cum
482 563 670 617 superbis
702 564 744 604 et
773 565 1194 617 praeuaricatoribus,
1227 578 1322 606 eum
1356 566 1414 608 eis
1447 566 1663 619 (1111110111-

123 644 140 669 5
160 632 276 674 eritis
307 644 402 673 eum
434 632 544 673 Iuda
573 632 767 674 Scarioth
796 633 974 674 inueniri
1005 646 1131 687 quam
1163 646 1259 675 eum
1281 634 1538 679 beatissimis
1570 648 1661 688 pro-

158 701 295 754 phetis
342 700 542 754 apostolis
585 701 709 754 atque
746 701 999 756 martyribus
1041 702 1248 755 quomodo
1289 714 1381 744 esse
1412 707 1664 756 possumus?

158 782 255 811 eum
288 768 456 811 audiam
478 769 518 810 in
541 768 771 810 centesimo
792 769 974 823 psalmo:
1007 770 1330 812 deambulabam
1351 771 1399 812 in
1420 772 1664 814 innocentia

158 838 293 880 cordis
323 838 406 879 mei
436 838 483 878 in
514 838 656 880 media
685 838 806 880 domo
839 840 926 879 tua.
966 851 1053 880 non
1076 839 1368 892 proponebam
1398 843 1498 883 ante
1526 841 1665 883 oculos

158 919 267 948 meos
297 920 384 948 rem
413 907 588 956 malam,
619 906 823 959 facientes
846 908 1251 960 praeuaricationes
1287 908 1421 959 odini,
1461 921 1550 950 non
1585 909 1664 951 ad-

107 986 140 1011 10
158 975 292 1017 haesit
322 974 428 1016 mihi·
449 988 521 1017 eor
533 989 740 1029 prauum,
773 975 1036 1018 declinantes
1057 990 1085 1018 a
1106 990 1169 1018 me
1189 976 1399 1031 maliynos
1419 991 1508 1019 non
1530 991 1664 1032 ayno-

157 1045 335 1095 scebam;
368 1044 653 1087 detrahentem
674 1044 881 1086 aduersus
894 1045 1117 1098 proximos
1137 1058 1234 1087 suos
1254 1046 1422 1099 occulte,
1454 1060 1548 1088 eam
1563 1060 1664 1100 per-

156 1113 372 1166 sequebar3
403 1113 576 1165 superbo
614 1113 731 1156 oculo
769 1116 809 1155 et
845 1113 1090 1155 insatiabili
1130 1114 1264 1167 corde,
1297 1127 1393 1155 cum
1433 1114 1506 1157 hoe
1535 1114 1665 1157 simul

156 1195 244 1223 non
273 1181 454 1231 edebam,
488 1182 530 1223 et
558 1182 599 1223 in
631 1181 794 1235 psalmo
825 1181 1055 1223 centesimo
1087 1182 1238 1223 octauo
1270 1182 1457 1227 decimo:
1490 1184 1661 1236 iniquos

157 1251 248 1292 odio
286 1251 414 1292 habui
458 1253 496 1293 et
526 1251 652 1305 leyem
691 1253 811 1292 tuam
848 1249 989 1292 dilexi.
1051 1262 1148 1291 eum
1188 1250 1280 1292 sitis
1320 1251 1464 1305 iniqui,
1513 1252 1663 1305 quippe

106 1332 139 1357 1⁵
157 1320 379 1373 negatores
422 1319 536 1361 unici
574 1319 650 1360 filii
694 1319 783 1369 dei,
831 1331 927 1360 cum
969 1318 1075 1360 odiri
1116 1331 1192 1361 uos
1240 1320 1431 1373 oporteat
1471 1333 1494 1361 a
1533 1320 1664 1370 nobis,

156 1389 376 1443 propterea
415 1388 527 1442 quod
566 1389 679 1430 uiam
718 1388 911 1430 ueritatis
955 1388 1241 1442 relinquentes
1279 1389 1664 1446 conprehenderitis

157 1458 340 1499 omnium
372 1470 571 1507 errorum,
604 1458 826 1511 propterea
856 1457 968 1511 quod
997 1457 1283 1511 relinquentes
1313 1458 1454 1502 lumen
1485 1458 1545 1500 ire
1593 1458 1663 1499 de-

155 1526 344 1580 legeritis
373 1526 415 1567 in
449 1526 674 1568 exteriores
704 1527 913 1576 tenebras,
956 1526 1164 1580 quomodo
1201 1526 1279 1568 tibi
1309 1526 1438 1582 capiti
1470 1526 1663 1576 nefandO,

156 1595 233 1637 tibi
265 1595 332 1636 dei
373 1594 521 1637 domus
564 1594 835 1644 destructori,
877 1595 1061 1636 omnium
1100 1594 1365 1648 iniquitatem
1405 1594 1665 1648 operantium

106 1675 139 1700 20
158 1663 305 1713 fomiti,
338 1664 608 1717 potueramus
640 1675 732 1704 esse
764 1663 1001 1705 carissimi?
1033 1663 1242 1716 quomodo
1264 1663 1492 1706 familiares
1525 1663 1662 1707 amici.

158 1732 205 1773 ut
242 1732 338 1774 sunt
375 1731 546 1781 Valens,
593 1730 806 1781 Vrsacius,
854 1731 1085 1784 Epictetus,
1134 1731 1382 1775 Saturninus
1423 1733 1467 1774 et
1506 1732 1665 1773 ceteri?

158 1814 179 1842 e
211 1813 291 1854 quo
324 1812 495 1842 numero
525 1799 749 1841 tamenetsi
781 1800 962 1842 uiderint
992 1800 1034 1841 in
1067 1812 1192 1853 quam
1229 1801 1451 1842 inciderint
1482 1801 1661 1849 foueam,

157 1869 261 1911 certi
291 1871 434 1911 tamen
464 1870 607 1911 tecum
640 1869 878 1923 deligerent
906 1869 1089 1919 interire,
1125 1869 1351 1911 dummodo
1372 1869 1490 1923 regni
1520 1869 1582 1910 tui
1604 1869 1663 1910 in-

158 1950 278 1979 anem
310 1938 665 1992 pulehritudinem
703 1951 786 1979 una
823 1938 1088 1991 perfruantur
1126 1938 1282 1980 tecum.
1345 1950 1417 1981 nos
1457 1937 1664 1991 quomodo

106 2016 139 2041 25
156 2009 298 2050 tecum
338 2020 430 2050 esse
469 2008 753 2060 potueramus,
795 2007 865 2060 qui
903 2007 987 2048 ista
1024 2019 1132 2060 quae
1170 2007 1232 2048 illi
1268 2007 1410 2048 tecum
1449 2006 1528 2047 frui
1575 2006 1663 2046 ele-

157 2077 308 2131 gerunt
350 2076 581 2118 habeamus
629 2088 773 2126 exosa,
821 2076 1011 2118 homines
1052 2076 1123 2129 qui
1165 2075 1217 2117 ad
1254 2075 1331 2116 illa
1368 2073 1664 2127 consequenda

155 2145 380 2187 tendamus
412 2157 519 2199 quae
551 2145 648 2186 sunt
677 2145 717 2186 in
749 2145 995 2199 perpetuum
1026 2147 1252 2186 mansura?
1285 2156 1368 2197 qua
1398 2143 1450 2184 de
1471 2155 1515 2184 re
1546 2142 1663 2184 nobis

159 2226 206 2256 ac
253 2214 372 2256 uobis
417 2226 496 2255 non
542 2213 770 2255 conuenit?
815 2225 963 2266 nempe
1003 2213 1102 2266 quia
1147 2212 1402 2254 noluerimus
1448 2211 1660 2263 suscipere

157 2282 363 2325 haeresim
384 2283 515 2331 tuam,
538 2293 687 2334 nempe
708 2281 808 2334 quia
825 2280 1049 2323 Christiani
1072 2281 1328 2323 noluerimus
1351 2280 1460 2322 effici
1484 2279 1661 2321 Arriani.

105 2351 250 2405 soquis
283 2353 347 2393 est
378 2351 520 2392 autem
552 2349 631 2391 nisi
662 2349 731 2402 qui
755 2350 821 2398 sit,
854 2350 901 2390 ut
923 2361 997 2391 uos
1020 2349 1121 2391 estis
1144 2349 1321 2398 Arriani,
1354 2349 1471 2401 inpos
1497 2346 1662 2394 mentis,

158 2420 227 2474 qui
261 2419 523 2472 derelinquat
556 2418 724 2459 domum
758 2418 825 2459 dei
858 2419 900 2459 et
931 2420 999 2459 eat
1031 2418 1083 2460 ad
1124 2418 1279 2460 diaboli
1321 2416 1666 2458 monumentum?

298 2512 311 2545 1
340 2509 441 2544 Prou.
467 2509 523 2549 24,
552 2509 604 2544 15.
632 2508 674 2543 16
769 2509 788 2542 7
814 2508 871 2544 Ps.
901 2508 975 2552 100,
1000 2509 1090 2543 2-—5
1186 2509 1228 2542 13
1251 2507 1309 2542 Ps.
1336 2507 1412 2549 118,
1439 2506 1481 2540 13

228 2593 242 2624 1
273 2593 307 2624 et
339 2590 487 2634 scripsi,
518 2592 556 2623 tu
588 2590 650 2629 Vc,
683 2591 757 2622 tum
791 2589 905 2623 Coleti
1046 2590 1065 2622 7
1097 2588 1333 2623 innocentiam
1475 2587 1514 2621 11
1551 2585 1663 2620 detra-

159 2648 283 2682 hentes
400 2647 441 2681 21
465 2647 536 2681 sint
652 2646 697 2680 23
723 2645 917 2689 deligerent
942 2645 1079 2690 scripsi
1105 2647 1167 2688 (an
1193 2644 1448 2688 delegeruntP).
1477 2642 1665 2686 diligerent

165 2705 195 2738 V
330 2704 375 2737 25
400 2704 505 2738 istam
644 2703 688 2736 27
723 2701 908 2736 tendamus
942 2702 1089 2746 scripsi,
1123 2701 1267 2735 tendam
1299 2701 1338 2740 V,
1372 2699 1522 2735 tendant
1554 2711 1574 2731 1·

158 2785 202 2820 30
228 2784 315 2818 811111
343 2784 381 2822 V.
408 2783 498 2817 sicut
524 2795 543 2818 υ
635 2783 677 2818 31
705 2786 764 2817 eat
789 2782 834 2816 ad
852 2781 984 2816 diaboli
1009 2781 1157 2826 scripsi,
1183 2780 1249 2815 ead
1275 2757 1368 2815 albeli
1389 2781 1421 2815 V
1441 2791 1535 2814 cerr.
1564 2791 1606 2813 m.
1625 2782 1662 2817 2,

159 2853 235 2876 eam
262 2840 324 2875 dat
349 2839 483 2874 diaboli
510 2852 527 2875 v
