1934 3278
1556 308 1649 336 XXV

148 415 408 468 frequentem
447 415 555 457 hunc
586 415 779 470 gerundii
810 429 931 458 usum
962 416 1113 458 indicis
1146 418 1334 471 exempla
1363 431 1401 472 p.
1434 419 1518 461 363
1549 420 1651 462 illu-

150 483 295 525 strant.
327 507 382 514 —
416 483 510 533 113,
543 484 598 525 26
622 488 803 537 possunt
832 486 998 539 ruyitus
1029 489 1119 528 tuos
1149 487 1291 529 timere
1321 489 1538 530 coarriani
1569 491 1648 542 tui,

148 552 252 604 quia
281 553 386 593 sint
420 553 531 607 (sitis
568 554 621 606 V)
668 555 759 595 sine
788 555 941 595 notitia
963 555 1042 606 dei,
1075 556 1176 608 quia
1206 556 1293 597 sint
1323 558 1496 599 minime
1526 571 1651 600 arma

147 620 215 662 clei
261 621 418 663 induti.
472 621 741 664 scribendum
789 623 878 663 erat
929 624 999 664 aut
1044 625 1131 665 sint
1161 650 1215 655 -—
1247 625 1336 666 sint
1371 626 1442 666 aut
1473 626 1565 668 sitis
1594 652 1649 658 -

147 689 255 739 sitis,
289 689 364 731 sed
394 691 490 732 sitis
519 690 559 732 in
593 691 627 732 V
659 691 824 732 facilius
855 692 1041 745 proxima
1061 705 1165 734 uoce
1187 694 1249 734 tui
1270 693 1454 747 inrepsit.
1475 720 1530 725 -
1555 695 1647 742 145.

152 758 203 799 12
250 771 472 811 possumus
518 762 718 814 (possunt
749 760 803 813 V)
851 760 902 802 cf.
949 773 1073 814 supra
1115 774 1153 814 p.
1186 761 1278 804 XX.
1308 787 1364 792 —
1400 763 1490 812 137,
1530 764 1555 804 2
1594 765 1651 806 ad

148 841 268 880 quem
298 828 536 882 eonfuyerit
566 829 637 870 ille
668 830 859 872 iustitiae
890 833 1057 871 amator
1087 830 1134 871 in
1165 831 1355 872 omnibus
1378 831 1646 883 probationi-

148 895 224 937 bus
256 897 524 949 (probatione
554 897 609 950 V)
643 898 731 940 Iob.
783 898 917 951 possis
958 898 1083 940 etiam
1121 898 1302 940 scribere
1336 900 1382 940 in
1411 901 1524 941 omni
1547 913 1649 953 pro-

148 965 322 1007 batione.
375 967 520 1008 contra
570 967 663 1017 141,
699 967 750 1009 16
797 968 1107 1021 increpationes
1139 967 1216 1022 (sic
1248 981 1302 1009 m.
1335 970 1437 1020 rec.)
1482 969 1550 1011 uel
1580 970 1649 1010 in—

151 1036 426 1088 crepationem
468 1036 691 1090 genuinum
735 1037 810 1087 est,
851 1036 921 1078 ubi
958 1036 1088 1078 codex
1119 1038 1442 1090 increpationi&
1473 1038 1649 1080 exhibet.

148 1130 203 1136 -
235 1103 332 1154 298,
373 1104 428 1146 29
467 1105 639 1147 aduerte
676 1106 783 1158 quod
813 1131 867 1136 ——
899 1105 1147 1158 receptaculi
1179 1107 1404 1158 poenarii
1438 1108 1650 1160 (poenaria

150 1172 205 1226 V)
248 1173 458 1215 horrorem
505 1174 664 1216 roboris
703 1175 770 1215 sui
809 1175 952 1229 uiyore
990 1174 1168 1228 subdyat.
1220 1175 1324 1215 hanc
1367 1176 1650 1217 correcturum

151 1242 354 1297 Cypriano
408 1242 521 1297 (578,
571 1244 624 1284 14
674 1242 868 1285 editionis
918 1255 1038 1284 meae
1088 1243 1325 1296 squalorem
1373 1245 1553 1286 carceris
1603 1259 1651 1286 ac

149 1312 397 1365 receptaculi
419 1313 673 1365 poenalis
703 1312 916 1354 horrorem
943 1313 1100 1353 roboris
1122 1313 1265 1365 uiyore
1286 1311 1492 1363 caleatis),
1526 1326 1650 1366 quem

149 1380 315 1423 Lucifer
346 1381 512 1435 saepius
542 1381 731 1423 imitatus
765 1383 839 1431 est,
873 1381 1086 1423 debemus.
1139 1380 1249 1434 quod
1282 1381 1421 1422 autem
1451 1382 1650 1423 rariorem

149 1452 195 1491 ut
225 1450 361 1492 lexica
392 1449 543 1492 docent
572 1451 747 1491 formam
782 1450 850 1505 (cf.
876 1449 1047 1503 Quintil.
1071 1450 1110 1499 4,
1134 1451 1172 1492 3.
1198 1450 1237 1491 9.
1263 1450 1299 1499 7,
1332 1450 1370 1491 4.
1394 1449 1466 1502 20)
1499 1450 1649 1499 inuexi,

149 1518 190 1560 in
230 1519 307 1560 hoc
338 1518 518 1560 Luciferi
562 1519 775 1572 opusculo,
818 1519 884 1560 cui
919 1519 1193 1560 Moriendum
1232 1532 1314 1560 ess-e
1345 1533 1427 1573 pro
1467 1519 1531 1560 dei
1561 1520 1652 1571 filio

150 1587 404 1637 inscribitur,
448 1587 697 1641 exquisitum
729 1599 861 1641 genus
893 1587 1059 1629 dicendi
1101 1587 1310 1628 affectanti
1341 1586 1454 1628 nulla
1484 1600 1652 1640 prorsus

153 1656 418 1698 excusatione
452 1657 560 1710 eget.
592 1682 646 1688 —
679 1656 775 1703 290,
808 1656 861 1698 28
894 1670 937 1698 eo
967 1659 1207 1710 prote94¹nte
1245 1659 1391 1697 contra
1431 1659 1546 1696 tuam
1586 1656 1651 1697 be-

152 1724 264 1766 luae
312 1725 493 1778 (beluam
532 1725 580 1777 V,
622 1725 741 1766 belua
781 1727 822 1777 v)
870 1726 1177 1766 inmanitatem.
1231 1724 1339 1765 tales
1383 1724 1590 1777 genitiuos
1630 1736 1653 1764 a

150 1793 460 1847 pronominibus
504 1793 754 1846 possessiuis
799 1793 1028 1847 pendentes
1076 1793 1255 1834 maxime
1298 1793 1423 1833 amat.
1472 1793 1522 1833 cf.
1560 1791 1651 1841 101,

150 1867 204 1909 29
237 1882 321 1910 non
345 1882 501 1909 nouum
522 1869 639 1910 nobis
661 1873 779 1909 tuum
800 1868 1001 1910 haeretici
1026 1868 1246 1922 (haeretice
1264 1879 1318 1908 m.
1342 1868 1445 1918 rec.)
1477 1868 1650 1917 factum,

157 1943 249 1993 118,
283 1942 338 1985 20
375 1943 424 1985 de
468 1956 602 1984 manu
647 1946 723 1983 tua
768 1942 941 1983 liberari
980 1942 1210 1995 carnificis,
1267 1941 1359 1990 155,
1403 1940 1431 1982 4
1468 1940 1654 1981 insidiae

152 2015 249 2053 tuae
294 2011 385 2064 lupi
428 2013 615 2066 rapacis,
672 2011 764 2061 165,
805 2011 831 2052 9
875 2012 1032 2063 eripere
1062 2025 1089 2052 a
1118 2010 1263 2064 yladz'o
1309 2013 1378 2051 tuo
1424 2009 1652 2062 carnificis,

156 2081 249 2131 195,
282 2082 337 2123 26
375 2082 414 2122 si
452 2085 525 2123 tua
555 2081 754 2134 sacrileyt'
776 2084 1010 2134 praecepta
1041 2079 1352 2122 custodiremus,
1384 2103 1439 2109 —
1470 2077 1566 2127 307,
1599 2077 1654 2117 32

154 2150 352 2192 uolueras
398 2153 434 2191 et
479 2163 555 2191 nos
600 2150 736 2192 redire
782 2150 840 2190 acl
876 2152 1054 2191 ueterem
1100 2148 1353 2195 caecitatem,
1399 2149 1444 2187 ut
1475 2171 1530 2177 —
1560 2159 1654 2186 eum

154 2217 313 2260 lumine
342 2218 610 2260 uideremur
643 2218 895 2271 (uideremus
918 2217 971 2269 V)
1005 2217 1196 2258 anzisisse
1219 2216 1509 2269 prudentiam.
1543 2212 1654 2266 quod

154 2287 231 2329 hoc
278 2286 370 2328 loco
417 2286 624 2328 sententia
665 2286 757 2339 ipsa
803 2285 1028 2339 flagitatur,
1072 2283 1254 2326 Luciferi
1295 2295 1431 2324 sermo
1476 2282 1567 2330 195,
1602 2281 1656 2321 14

156 2355 441 2397 commendat:
474 2355 672 2407 quomodo
703 2355 899 2396 dilexisse
923 2368 995 2396 nos
1015 2367 1107 2395 eum
1128 2352 1412 2394 monstrabam
1425 2365 1483 2391 ur
1516 2354 1653 2403 (mon-

154 2425 394 2466 strabamus
424 2424 494 2476 V),
538 2424 576 2465 si
606 2427 653 2464 ut
683 2427 727 2464 tu
759 2424 969 2465 mandata
1008 2423 1097 2463 eius
1137 2421 1407 2468 calcaremus,
1449 2418 1518 2471 qui
1558 2417 1653 2458 ubi-

155 2505 334 2546 cumque
376 2492 465 2535 fieri
505 2492 643 2546 potest
682 2492 895 2545 passiuam
934 2490 1052 2532 uerbi
1091 2490 1266 2531 formam
1305 2501 1339 2528 c.
1372 2487 1441 2528 inf.
1476 2486 1655 2539 praefert

158 2561 228 2614 (cf.
261 2561 345 2603 ind.
378 2562 624 2614 infinitiuus
654 2573 692 2613 p.
725 2561 840 2612 365).
894 2558 1069 2601 eandem
1115 2557 1323 2598 maculam
1369 2556 1465 2605 327,
1515 2556 1533 2595 1
1583 2567 1654 2594 uec

155 2629 311 2680 fratres
333 2631 643 2683 permittimur
676 2632 799 2683 (—us
831 2628 886 2679 V)
918 2628 1061 2669 uidere
1094 2626 1228 2667 Tilius
1258 2625 1299 2666 in
1331 2624 1439 2665 notis
1471 2622 1592 2668 eluit;
1633 2636 1655 2662 r

158 2699 199 2738 et
228 2711 248 2739 s
279 2710 378 2740 uero
410 2698 654 2751 saepissime
686 2696 993 2739 confunduntur
1026 2695 1095 2748 (ef.
1123 2694 1215 2743 142,
1243 2694 1305 2735 19.
1340 2694 1436 2740 214,
1463 2693 1525 2732 12.
1557 2690 1653 2736 312,

160 2766 224 2807 11.
256 2766 352 2816 314,
379 2767 462 2819 12).
485 2792 539 2797 -—
561 2767 657 2816 314,
680 2766 707 2807 5
736 2766 846 2807 nihil
872 2765 1010 2817 refert,
1043 2767 1185 2804 utrum
1206 2787 1261 2793 ——
1281 2763 1395 2803 omni
1426 2758 1654 2801 subtilitate

156 2836 371 2878 subtiliore
414 2835 652 2890 (subtiliora
682 2835 717 2875 V
761 2833 835 2876 sed
867 2848 893 2875 a
925 2845 1012 2885 exp.
1046 2819 1100 2873 in.
1132 2831 1176 2883 2)
1220 2831 1378 2885 sayitta
1421 2827 1656 2870 diutissime

156 2906 287 2958 tiqens
316 2905 365 2945 in
395 2917 483 2946 meo
513 2917 682 2957 corpore
708 2903 844 2944 ludas.
878 2913 973 2942 nam
995 2900 1199 2950 subtilior,
1222 2897 1331 2952 quod
1355 2910 1407 2938 m.
1432 2897 1457 2937 2
1478 2893 1656 2935 correxit
