1934 3278
1598 258 1701 288 vnn

196 367 299 410 mihi
329 366 476 410 uideor
506 366 570 409 his
598 366 724 409 locis:
760 367 824 417 15,
857 367 909 408 31
944 370 1012 409 eat
1038 367 1141 424 (ad)
1176 367 1337 410 diaboli
1367 373 1697 423 monumentum,

197 436 269 479 ubi
310 435 352 478 in
395 435 600 489 corruptis
645 435 805 488 primae
850 448 998 477 manus
1045 437 1185 478 uerbis
1227 437 1307 479 ead
1337 437 1448 479 aboli
1478 450 1627 480 manus
1658 439 1696 480 2.

197 505 354 547 diaboli
383 505 497 546 recte
531 504 701 555 detexit,
736 503 868 546 'Pilius
900 516 974 546 suo
1004 504 1176 547 inuento
1207 518 1299 547 eam
1329 506 1406 547 dat
1434 507 1570 560 magis
1602 519 1698 549 cor-

196 574 327 628 rupit3
371 586 469 615 nam
511 573 778 615 coniunctiuo
808 573 1075 626 derelinquat
1105 574 1384 627 praecedente
1421 574 1698 617 indicatiuum

196 643 387 684 secutum
435 654 526 684 esse
571 654 651 684 non
697 641 911 695 probabile
954 642 1031 692 est,
1077 655 1128 684 ne
1161 642 1299 684 dicam
1332 642 1384 685 de
1415 643 1549 685 dandi
1580 644 1698 686 uerbi

197 723 321 753 sensu
350 710 530 753 insolito.
561 735 617 742 —
647 710 715 761 69,
748 710 800 752 31
834 713 873 752 et
902 724 1081 752 munera
1112 711 1220 768 (non
1250 712 1458 764 accipies;
1489 712 1691 768 munera)

194 780 308 822 enim
352 783 587 823 eaecaecant.
638 779 805 833 praeter
849 780 1011 822 textum
1056 793 1256 834 graecum
1294 784 1333 822 et
1372 780 1468 822 ante
1506 794 1698 830 munera,

195 849 307 903 quod
355 848 488 891 'Pilius
534 849 740 902 expunxit,
788 850 949 890 certum
994 849 1171 891 lacunae
1215 849 1416 891 indicium
1459 851 1612 891 seruat.
1644 875 1698 880 ——

199 918 293 969 124,
327 919 376 959 11
420 932 517 970 non,
556 919 747 971 inquam,
794 918 895 960 haec
926 920 1087 972 scripta
1117 920 1356 972 inueneras,
1394 918 1485 976 (ut)
1524 919 1700 961 auderes

196 987 253 1028 ad
283 990 450 1028 tantam
480 1000 557 1029 nos
583 1000 815 1040 prouocare
845 987 1237 1030 inhumanitatem?
1267 987 1401 1041 possis
1433 987 1560 1029 etiam
1592 987 1697 1029 scri-

195 1055 294 1097 bere
326 1056 501 1106 audens,
535 1054 610 1097 sed
639 1056 684 1097 id
707 1056 901 1098 abhorret
923 1069 947 1098 a
970 1056 1067 1098 stilo
1089 1055 1290 1105 Luciferi;
1321 1068 1490 1110 prorsus
1511 1056 1698 1109 ineptum

196 1125 272 1175 est,
303 1123 414 1178 quod
434 1136 583 1167 manus
603 1137 685 1167 rec.
711 1125 847 1167 dedit:
879 1126 918 1167 si
939 1125 1040 1167 haec
1060 1126 1221 1179 scripta
1242 1126 1480 1168 inueneras.
1502 1150 1558 1155 —
1579 1137 1697 1166 com·-

194 1192 505 1236 mendationem
552 1206 651 1236 uero
698 1194 766 1235 uix
814 1193 1054 1235 desiderare
1093 1193 1290 1235 uidentur
1328 1206 1435 1247 quae
1468 1193 1562 1235 aliis
1592 1193 1697 1235 locis

193 1262 416 1304 inserenda
454 1263 649 1316 proposui
687 1262 907 1314 uocabula,
939 1263 1188 1316 praesertim
1219 1276 1314 1305 cum
1344 1263 1525 1316 plurima
1556 1273 1698 1304 eorum

193 1330 372 1373 lacunae
406 1331 608 1385 originem
638 1331 732 1385 ipsa
762 1331 865 1373 satis
897 1331 1115 1385 explicent,
1147 1332 1195 1373 ut
1227 1332 1322 1383 149,
1354 1332 1405 1373 31
1447 1331 1564 1387 (qui)
1601 1331 1699 1383 qai-

194 1400 307 1448 dcm.
372 1400 465 1450 164,
506 1400 559 1442 27
608 1400 690 1457 (te)
717 1403 941 1454 torquente,
1007 1401 1100 1450 165,
1139 1401 1168 1442 4
1212 1402 1371 1454 eripere
1397 1400 1463 1457 (c)
1508 1401 1697 1448 crimine,

193 1470 291 1520 219,
316 1469 370 1512 15
398 1470 696 1523 interfecerunt
723 1471 786 1525 (et
809 1470 1133 1526 inposuerunt),
1186 1471 1283 1521 222,
1320 1470 1371 1512 18
1400 1470 1550 1527 <dicite
1571 1470 1692 1524 haec>

192 1538 299 1580 dicit
330 1538 553 1593 (suadente
586 1538 762 1592 utroque
793 1539 886 1581 loco
917 1539 1035 1581 textu
1056 1541 1243 1593 graeco),
1294 1539 1391 1590 230,
1418 1539 1470 1581 16
1492 1538 1700 1591 numquid

198 1605 332 1662 (non)
360 1607 483 1656 dixit,
545 1607 642 1656 254,
693 1606 744 1648 10
796 1606 930 1663 (sed),
991 1607 1088 1658 268,
1138 1608 1188 1649 17
1235 1609 1566 1662 transfiynrasse
1592 1605 1697 1663 (se),

193 1674 291 1726 300,
327 1675 379 1717 18
416 1674 542 1731 (per)
576 1679 781 1729 perpetua
810 1676 930 1718 uinci
968 1679 1177 1718 tormenta
1210 1680 1335 1731 (quae
1368 1676 1498 1718 uerba
1529 1675 1582 1717 ad
1612 1689 1699 1717 non

187 1758 313 1797 posse
342 1743 563 1786 referenda
585 1744 714 1796 sunt),
766 1745 862 1799 319,
898 1743 951 1786 10
981 1745 1209 1787 inuadente
1236 1745 1338 1801 (te),
1392 1745 1487 1795 333,
1521 1745 1546 1786 8
1574 1744 1693 1800 (qui)

194 1825 313 1865 quae.
367 1812 465 1854 alibi
503 1812 657 1854 lacuna
686 1814 816 1863 certa,
855 1813 1189 1867 supplementum
1228 1814 1434 1856 incertum
1466 1814 1543 1863 est,
1583 1813 1700 1854 uelut

198 1881 291 1931 173,
326 1881 378 1923 18
409 1895 484 1923 cur
513 1882 563 1923 in
593 1881 786 1923 tenebras
816 1884 1061 1925 constitutos
1084 1884 1352 1937 (constitutus
1374 1882 1428 1935 V)
1459 1883 1507 1924 in
1540 1882 1699 1923 lumine

202 1949 429 2012 <arques>:
475 1950 599 1992 ‘odite
638 1964 797 1992 mecum
838 1954 877 1993 et
912 1965 987 1994 uos
1026 1965 1132 2006 eum,
1174 1966 1295 2005 quem
1326 1965 1397 2005 eqo
1428 1952 1588 1993 iniuste
1617 1951 1697 1993 odi.

194 2018 351 2069 inserui
382 2031 533 2073 uryues
563 2018 633 2060 uel
662 2019 818 2061 rectius
848 2033 984 2074 αγρεε,
1017 2033 1142 2073 quam
1172 2020 1347 2062 formam
1378 2019 1544 2061 Lucifer
1575 2031 1698 2072 prae-

194 2089 287 2138 fert,
334 2088 580 2129 constitutus
632 2087 764 2144 (non)
816 2090 866 2129 in
912 2089 1070 2130 lumine
1121 2088 1273 2145 (dicis)
1327 2088 1478 2136 Tilius;
1525 2088 1697 2130 uerbum

197 2155 309 2210 quod
350 2155 493 2197 addidi
535 2155 701 2198 dicendi
733 2156 819 2198 uim
851 2157 978 2199 habet
1008 2159 1055 2198 ut
1096 2157 1189 2208 168,
1226 2158 1276 2199 13
1308 2171 1402 2199 cum
1434 2160 1470 2199 te
1501 2170 1698 2211 ici-quere-

195 2237 290 2266 mus
326 2224 454 2277 leqati
487 2228 563 2278 (sc.
598 2224 807 2278 dicentes)
840 2228 995 2267 sectam
1025 2225 1319 2267 damnandam
1351 2226 1477 2267 Arrii
1508 2228 1546 2267 et
1578 2226 1699 2267 illam

195 2294 333 2347 maqis
354 2293 502 2334 dixisti
524 2305 609 2335 csse
629 2293 894 2344 catholicam,
935 2293 1006 2335 uel
1029 2294 1174 2336 dicens
1207 2293 1354 2335 eadem
1382 2293 1585 2335 facilitate
1618 2306 1699 2346 qua

195 2361 293 2413 246,
324 2361 380 2403 26
410 2361 515 2403 dicit
557 2360 655 2403 addi
696 2361 849 2415 potest.
879 2387 934 2393 —
970 2362 1063 2413 173,
1095 2362 1150 2404 25
1180 2362 1251 2404 sed
1282 2362 1357 2403 tibi
1387 2361 1500 2403 nihil
1530 2362 1700 2403 uidetur

195 2430 428 2473 homicidae
465 2429 690 2486 (crimen),
727 2430 805 2471 nisi
836 2430 1048 2484 praeferas
1089 2430 1304 2472 homicida
1343 2442 1426 2471 esse
1459 2432 1529 2484 (z
1563 2429 1696 2471 homi-

196 2505 380 2556 addace),
403 2503 515 2557 quod
540 2517 564 2545 a
585 2503 742 2545 codicis
765 2505 972 2558 scriptura
986 2505 1222 2547 homicidae
1237 2504 1374 2545 minus
1394 2503 1520 2545 etiam
1537 2503 1698 2545 recedit

199 2579 269 2632 (cf.
294 2579 388 2628 176,
411 2579 499 2631 25).
522 2602 578 2609 -
599 2579 694 2628 283,
721 2579 773 2620 12
794 2582 922 2631 temet,
955 2579 1135 2621 desertor
1163 2579 1245 2628 dei,
1275 2578 1386 2634 (dei)
1414 2581 1695 2631 repraesentes

196 2648 337 2690 domui
358 2646 428 2702 (cf.
449 2646 543 2697 175,
565 2647 614 2688 17
633 2648 699 2689 dei
715 2648 860 2690 domus
880 2649 1126 2701 antistitem,
1148 2646 1241 2697 188,
1262 2648 1311 2689 11
1329 2650 1440 2700 fores
1455 2647 1522 2688 dei
1538 2647 1695 2694 domus,

197 2716 293 2766 221,
327 2716 349 2757 7
381 2716 430 2758 de
459 2715 581 2757 domo
611 2716 791 2767 domini)
839 2716 908 2757 uel
953 2716 1080 2758 etiam
1124 2717 1215 2757 eius
1259 2714 1358 2757 addi
1402 2715 1553 2768 potest,
1601 2726 1694 2754 nam

199 2783 379 2825 ecclesia
416 2783 686 2837 intellegitur.
719 2809 774 2815 —
805 2784 902 2834 287,
942 2785 970 2826 5
1010 2784 1268 2826 adstruendo
1308 2787 1344 2824 te
1373 2807 1429 2814 —
1458 2783 1589 2824 edicto
1627 2785 1697 2822 tuo

203 2851 347 2908 (fidei)
383 2854 610 2894 rescissore.
656 2864 728 2906 per
759 2865 803 2894 se
836 2852 944 2894 enim
975 2853 1193 2895 rescissore
1223 2851 1324 2893 nihil
1356 2850 1470 2892 dicit.
