1934 3278
690 263 744 298 De
769 263 908 308 regibus
934 264 1149 308 apostaticis.
1614 267 1667 310 41

164 402 249 432 non
265 389 421 432 adiecit
436 388 643 432 Samuhel
666 388 855 443 amplius
875 389 1018 432 uidere
1036 389 1144 433 Saul
1165 403 1293 444 usque
1315 391 1371 432 ad
1391 391 1500 433 diem
1520 394 1667 435 mortis

163 471 279 509 suae,
312 458 514 511 quoniam
535 457 698 512 luqebat
720 457 922 501 Samuhel
942 459 991 500 in
1014 459 1137 511 Saul,
1159 462 1196 501 el
1218 460 1438 502 dominum
1451 462 1669 514 paenituit

163 528 366 580 quoniam
395 540 528 581 regem
558 526 658 579 fecit
685 527 797 570 Saul
827 540 954 580 super
982 527 1137 570 Israel.
1170 531 1210 570 et
1237 528 1349 570 dixit
1378 529 1576 571 dominus
1606 530 1663 572 ad

163 595 387 639 Samuhel:
416 609 624 650 quousque
654 595 768 650 luyes
798 597 844 637 tu
874 597 923 638 in
953 596 1098 640 Saul?
1137 609 1220 639 eece
1250 610 1319 651 eqo
1350 597 1509 651 expello
1539 599 1664 640 illum

129 678 215 707 5ne
244 668 385 720 reynel
415 678 541 718 super
572 663 724 716 Israel,
766 667 804 706 el
843 665 974 719 imple
1015 678 1146 707 cornu
1186 668 1305 707 tuum
1336 666 1434 719 oleo,
1476 669 1514 708 et
1552 668 1665 722 ueni,

163 735 332 776 mittam
360 737 397 777 te
428 734 485 776 ael
514 734 625 776 Iesse
655 746 784 786 usque
813 734 863 775 iu
892 733 1151 786 Bethlehem,
1190 735 1394 787 quoniam
1437 736 1589 777 audiui
1619 738 1668 778 in

162 802 267 855 filiis
299 803 411 845 Iesse
440 802 548 844 mihi
578 802 628 844 in
659 815 805 856 reyem.
838 813 1090 856 cognoscere
1112 803 1197 844 iam
1218 803 1387 856 poteris,
1423 804 1657 855 Constanti,

165 871 294 913 etiam
331 870 575 925 reprobatos
619 883 642 913 a
683 870 862 921 domino,
911 871 1038 913 etiam
1080 871 1134 913 ad
1171 873 1385 914 aeternam
1426 872 1658 915 destinatos

162 941 337 981 mortem
371 939 441 981 diu
465 951 641 994 regnare
663 940 757 993 post
789 939 989 981 delictum
1011 952 1140 993 graue
1163 941 1445 991 commissum,
1471 942 1662 995 quando-

112 1019 145 1045 10
163 1009 333 1063 quidem
364 1009 524 1059 uideas,
557 1009 834 1063 posteaquam
874 1010 1025 1051 unctus
1055 1010 1181 1052 fuerit
1210 1010 1250 1051 in
1281 1023 1424 1064 regem
1455 1011 1662 1065 gloriosus

162 1079 275 1120 filius
307 1079 424 1120 Iesse
454 1078 607 1128 Dauid,
639 1078 781 1120 tamen
815 1077 917 1119 Saul
949 1078 1019 1119 diu
1050 1079 1291 1132 regnauerit
1323 1080 1365 1121 et
1384 1080 1660 1134 persequendi

163 1148 290 1190 etiam
315 1160 423 1197 eum,
448 1159 571 1200 quem
595 1147 673 1189 sibi
697 1147 801 1188 deus
822 1147 863 1188 in
885 1147 1129 1200 prophetam
1154 1148 1277 1201 atque
1299 1161 1442 1202 regem
1465 1148 1664 1202 elegerat,

162 1216 355 1259 habuerit
385 1215 661 1269 potestatem;
694 1215 831 1257 malus
852 1216 1020 1265 bonum,
1052 1215 1232 1258 iniustus
1253 1216 1423 1267 iustum,
1460 1216 1537 1258 deo
1569 1217 1664 1258 odi-

162 1285 257 1327 bilis
287 1284 616 1338 persequebatur
648 1297 743 1326 eum
775 1296 897 1337 quem
931 1283 1134 1337 diligebat
1166 1284 1281 1327 (leus.
1344 1297 1440 1326 cum
1471 1286 1572 1327 haec
1605 1286 1665 1326 ita

111 1365 147 1391 1⁵
163 1355 257 1403 sint,
305 1367 355 1396 ne
386 1353 590 1408 glorieris,
641 1353 739 1406 quia
779 1353 874 1406 post
903 1352 1068 1395 tantum
1098 1353 1260 1395 facinus
1290 1354 1574 1407 perpetratum
1605 1354 1662 1395 sis

162 1424 309 1466 uiuens
340 1424 544 1465 hactenus
576 1423 623 1463 ut
644 1422 798 1463 uixerit
820 1422 945 1470 Saul;
983 1422 1057 1464 sed
1090 1422 1276 1473 aduerte,
1308 1422 1543 1464 cuiusmodi
1566 1422 1662 1464 uin-

163 1492 278 1535 dicta
307 1492 559 1546 processerit
588 1491 702 1533 eirca
734 1491 836 1533 Saul
866 1491 978 1544 quod
1009 1491 1052 1532 et
1072 1491 1185 1533 circa
1204 1492 1247 1533 te
1268 1491 1400 1544 possit
1424 1490 1665 1545 procedere,

163 1562 241 1603 nisi
270 1561 438 1603 tibimet
468 1560 675 1603 consulas.
739 1560 776 1602 si
809 1560 917 1601 enim
952 1560 1066 1602 circa
1096 1560 1215 1603 illum
1247 1560 1305 1601 sic
1340 1561 1403 1602 est
1424 1560 1666 1613 indignatus

165 1630 370 1680 dominus,
416 1630 549 1683 primo
595 1642 669 1670 cur
708 1629 909 1682 praedam
949 1630 1094 1671 contra
1132 1629 1401 1670 interdictum
1443 1628 1665 1682 acceperit,

110 1698 348 1740 2osecu11d0
388 1711 462 1740 cur
499 1697 587 1739 eius
628 1698 837 1740 hominem
868 1698 1007 1740 Dauid
1046 1697 1173 1739 fuerit
1203 1699 1462 1751 persecutus,
1510 1697 1665 1750 quanto

162 1766 298 1821 magis
330 1767 443 1809 circa
480 1766 523 1808 te
562 1765 861 1820 indignationis
904 1767 992 1808 eius
1031 1765 1237 1820 procedat
1274 1766 1462 1808 uindicta
1493 1778 1664 1808 necesse

164 1837 240 1885 est,
287 1836 401 1878 circa
430 1835 487 1885 te,
527 1834 646 1876 cuius
679 1835 784 1877 adeo
814 1835 1001 1889 ingentia
1039 1835 1135 1877 sunt
1166 1835 1342 1885 scelera,
1389 1836 1435 1876 ut
1467 1835 1593 1876 etiam
1625 1835 1666 1876 in

164 1905 375 1959 sacrilegii
406 1903 572 1946 uenires
602 1904 780 1946 reatum.

221 1974 296 2015 ΙΙΙ.
332 1974 382 2017 Si
413 1973 536 2026 male,
582 1973 734 2027 inquis,
781 1974 968 2028 eqissem,
1008 1973 1061 2028 εἰ,
1101 1972 1302 2027 quomodo
1343 1973 1446 2015 dicit
1476 1972 1666 2025 Lucifer,

107 2052 143 2080 2⁵
164 2055 291 2085 essem
321 2043 567 2093 haereticus,
607 2043 698 2084 iam
738 2042 843 2084 mihi
875 2042 1111 2084 abstulisset
1142 2042 1242 2083 deus*
1272 2054 1457 2095 reynum.
1522 2042 1664 2095 accipe

166 2112 292 2154 etiam
325 2111 590 2154 Salomonem
630 2111 912 2165 superuixisse
954 2111 1048 2164 post
1084 2109 1366 2152 idololatriam
1397 2110 1665 2152 commissam

167 2182 209 2222 et
238 2181 483 2234 intellegere
517 2180 688 2234 dignare
719 2181 762 2222 te
795 2192 961 2233 quoque
994 2179 1123 2221 talem
1155 2192 1260 2229 esse,
1302 2178 1438 2232 qualis
1468 2179 1538 2220 ille
1570 2179 1665 2232 post

164 2249 445 2291 idololatriam
490 2249 629 2291 fuerit.
692 2253 729 2291 el
774 2249 999 2291 suseitauil
1043 2250 1243 2291 domiuus
1281 2251 1409 2290 satan
1449 2247 1668 2290 Salomoni-

163 2319 283 2361 Ader
328 2318 581 2360 Idumaeum
626 2321 665 2361 et
695 2318 851 2361 Esrom
894 2318 1035 2371 filium
1074 2316 1273 2359 Anadeth
1319 2317 1367 2358 in
1411 2314 1666 2369 Remathad,

109 2395 146 2421 ³0
167 2387 370 2441 Adrayas
401 2401 535 2440 reyem
568 2386 685 2429 Saba
714 2387 935 2429 dominum
968 2387 1070 2428 eius.
1103 2388 1142 2428 et
1166 2385 1404 2439 eouyreyati
1423 2386 1524 2426 sunt
1543 2396 1669 2436 super

165 2470 258 2498 eum
287 2457 389 2506 uiri,
431 2458 471 2498 et
499 2458 591 2497 erat
625 2456 826 2508 princeps
866 2455 1223 2509 conqreyationis‚
1270 2456 1308 2494 et
1338 2452 1669 2506 praeoccupauit

302 2580 345 2614 28
370 2580 420 2614 111
446 2581 528 2624 Reg.
558 2580 609 2616 11,
639 2580 679 2613 14

233 2694 254 2727 6
278 2694 389 2728 iessae
505 2693 681 2727 bethleem
799 2691 928 2735 audiui]
955 2691 1026 2725 uidi
1054 2691 1209 2733 Lucifer
1236 2691 1275 2724 in
1301 2690 1322 2724 l.
1350 2691 1375 2725 Ι
1390 2700 1462 2734 pro
1488 2700 1515 2724 8.
1543 2689 1662 2723 Atha-

166 2762 274 2795 nasio
367 2761 387 2796 8
412 2760 617 2806 reprobatus
635 2781 681 2786 —
697 2760 894 2795 destinatus
919 2760 987 2801 Vm·
1012 2759 1207 2793 emendam·
1303 2758 1341 2792 11
1369 2740 1572 2802 persequei'li

167 2818 209 2852 12
234 2818 403 2862 allegerat
420 2830 463 2853 m.
479 2822 498 2852 1
594 2818 636 2852 14
653 2817 835 2862 diligebat]
857 2827 933 2851 eum
947 2816 1035 2850 add.
1055 2817 1094 2859 V,
1111 2826 1192 2860 exp.
1209 2827 1229 2850 v
1325 2815 1366 2850 16
1383 2813 1576 2849 uindictam

164 2874 207 2909 24
235 2875 346 2919 egisse
440 2875 483 2909 26
509 2879 542 2909 et
569 2874 612 2908 ‘28
639 2874 838 2908 idolatriam
931 2872 975 2907 29
1003 2872 1168 2906 romahad
1195 2884 1237 2907 m.
1266 2876 1282 2906 1
