1934 3278
267 143 323 183 50
922 137 1120 172 Luciferi

271 267 404 318 antur,
450 267 593 308 'namen
632 266 677 306 tu
717 266 751 307 si
792 266 832 306 in
879 278 1042 306 summa
1079 265 1226 306 uiuens
1266 265 1470 307 felicitate
1512 265 1640 307 fueris
1682 266 1776 307 hinc

268 338 426 391 raptus,
462 335 634 377 aduerte
669 335 849 388 qualiter
888 334 929 375 in
960 334 1003 375 te
1035 334 1224 375 uindicta
1256 334 1310 374 sit
1339 346 1601 386 processura,
1637 335 1706 388 qui
1737 335 1778 376 in

269 406 386 447 ’nanto
417 404 644 446 inueniaris
677 404 851 445 scelere.
914 416 965 445 ne
1003 403 1098 444 hinc
1139 403 1281 456 itaque
1325 403 1551 456 quicquam
1589 404 1665 446 bibi
1700 404 1777 444 ad-

272 474 489 528 scripseris
520 472 750 521 felicitatis,
785 472 896 525 quod
928 485 1022 513 cum
1054 472 1111 514 sis
1144 484 1300 525 negans
1332 471 1467 513 filium
1498 472 1670 513 unicum
1697 472 1777 523 dei,

273 543 383 597 quod
425 555 521 584 cum
563 542 651 583 eius
691 540 895 582 familiam
926 541 1206 594 persequaris,
1246 541 1387 582 tamen
1431 541 1565 582 adhuc
1609 542 1779 595 spiritus
1817 553 1833 578 ὁ

273 614 371 654 tuus
403 613 444 653 in
476 623 647 664 corpore
679 610 751 651 illo
784 610 980 651 carnifice
1022 611 1076 652 sit
1107 623 1294 660 manens,
1338 609 1504 663 quando
1538 611 1779 652 consideres

275 682 401 723 etiam
432 681 565 722 filium
598 680 711 721 Asab
754 679 870 720 annis
914 679 1088 733 triginta
1129 679 1323 732 quinque,
1365 691 1461 720 cum
1500 679 1626 721 fuerit
1657 681 1703 721 ut
1732 681 1780 720 tu

275 751 519 803 sacrilegus,
564 760 763 802 regnasse
813 747 923 801 apud
970 748 1173 797 Iudaeos3
1224 748 1274 789 de
1322 761 1402 801 quo
1444 748 1646 801 scriptum
1687 761 1778 790 esse

273 819 437 873 legisti:
479 818 585 860 abiit
617 819 664 859 in
694 818 792 859 uias
824 817 942 859 Asab
966 819 1115 871 patris
1148 818 1230 871 sui,
1276 821 1313 859 et
1344 831 1431 859 non
1461 818 1699 859 declinauit
1729 818 1780 859 ab

274 889 377 942 illis,
419 891 465 930 ut
503 887 660 940 faceret
700 887 809 940 quod
849 889 1007 928 rectum
1045 890 1136 928 erat
1168 887 1217 927 in
1247 890 1464 939 conspectu
1495 887 1668 939 domini,
1712 886 1783 927 sed
1804 891 1836 916 10

276 958 326 998 ab
359 956 530 998 eoecelsz's
570 969 658 996 non
699 955 999 996 abstinuerunt
1038 958 1077 995 et
1115 955 1420 1008 sacrificabant
1460 956 1509 996 in
1541 956 1714 997 excelsis
1745 957 1783 996 et

274 1025 565 1067 incendebant.
601 1035 699 1064 ecce
734 1023 861 1064 etiam
892 1024 958 1064 hic
993 1023 1244 1066 describitur
1274 1036 1346 1064 rex
1376 1024 1418 1065 in
1439 1036 1542 1077 pace
1567 1024 1782 1066 dormisse.

275 1107 370 1135 cum
410 1094 553 1147 itaque
586 1092 712 1134 fuerit
741 1093 916 1146 triginta
948 1094 1128 1146 quinque
1162 1093 1279 1134 annis
1303 1092 1589 1135 idololatriam
1620 1106 1783 1147 gerens,

275 1178 325 1205 116
363 1164 441 1205 ‘cibi
481 1162 697 1204 adscribas
745 1162 797 1203 ad
832 1162 1011 1215 gloriam
1050 1162 1091 1204 et
1129 1161 1265 1203 dicas:
1314 1162 1470 1204 idcirco
1508 1176 1594 1204 non
1636 1163 1786 1215 aliqua

275 1234 479 1275 uulneror
512 1232 659 1285 playa,
704 1231 859 1273 idcirco
900 1244 987 1272 non
1026 1232 1117 1272 iam
1155 1232 1363 1273 extinctus
1401 1245 1506 1282 sum,
1547 1232 1617 1273 sed
1649 1231 1837 1273 adhuc1⁵

274 1303 376 1344 uiuo
408 1314 584 1355 reynum
621 1300 794 1353 imperii
825 1299 1015 1341 Romani
1040 1300 1275 1352 possidens,
1316 1301 1418 1352 quia
1452 1300 1534 1342 sim
1565 1300 1663 1342 bene
1698 1314 1784 1342 cre-

275 1372 389 1421 dens,
431 1370 535 1423 quia
565 1369 692 1410 Arrii
729 1371 840 1410 recta
873 1369 930 1410 sit
959 1369 1073 1422 fides,
1107 1369 1209 1421 quia
1239 1369 1407 1421 fecerim
1447 1370 1545 1411 bene
1576 1383 1786 1411 remouere

276 1441 488 1493 episcopos
518 1442 555 1479 et
587 1439 699 1479 alios
728 1438 834 1479 tales
865 1439 1123 1479 instituerim
1145 1438 1290 1491 quates
1323 1438 1580 1491 concupierit
1611 1438 1785 1481 Arrius,

276 1508 373 1558 noli,
412 1507 596 1560 inquam,
637 1507 731 1547 hinc
773 1506 850 1548 tibi
890 1507 1074 1560 gloriari,
1117 1507 1228 1560 quod
1260 1519 1355 1548 cum
1386 1508 1491 1548 haec
1526 1508 1582 1550 sis
1613 1507 1785 1558 faciens,

275 1578 416 1618 tamen
450 1576 680 1629 superbias,
716 1575 882 1629 quando
914 1576 1062 1618 uideas
1094 1576 1222 1618 istum
1242 1589 1388 1630 regem
1409 1576 1583 1630 triginta
1605 1577 1787 1630 quinque
1807 1584 1841 1610 20

279 1645 396 1687 annis
434 1645 621 1687 tenuisse
657 1657 848 1698 regnum,
887 1645 929 1686 in
967 1658 1071 1698 pace
1112 1645 1239 1686 fuisse
1282 1645 1531 1699 exemptum.
1595 1646 1629 1687 si
1660 1646 1789 1699 igitur

276 1715 412 1769 potuit
441 1714 539 1765 illis,
581 1714 678 1767 quia
708 1714 769 1755 ita
803 1714 982 1767 exempti
1015 1714 1110 1766 sint,
1150 1715 1301 1769 inpune
1332 1715 1598 1757 idololatriae
1632 1715 1788 1756 crimen

277 1784 441 1834 cedere,
489 1782 643 1836 poterit
691 1783 732 1823 et
776 1782 874 1833 tibi,
925 1782 1155 1824 Constanti.
1218 1784 1415 1825 conuerte
1461 1785 1504 1825 te
1550 1784 1694 1837 itaque
1737 1782 1789 1824 ad

281 1852 516 1902 dominum,
570 1864 619 1892 ne
665 1851 765 1892 talis
814 1851 1042 1892 inueniaris
1096 1851 1230 1905 qualis
1280 1853 1343 1894 est
1387 1853 1583 1894 inuentus
1629 1853 1788 1903 Achab,

281 1922 331 1962 de
364 1934 443 1975 quo
478 1921 681 1974 scriptum
712 1920 903 1962 inuenio:
946 1924 982 1963 et
1025 1922 1125 1974 fecit
1153 1922 1301 1963 Achab
1341 1921 1581 1975 maliynum
1611 1922 1659 1962 in
1691 1934 1788 1962 con·
1809 1926 1842 1951 2⁵

278 1994 420 2042 spectu
451 1990 629 2042 domini,
664 1993 700 2031 et
731 1990 916 2044 maliyne
937 1990 1034 2043 fecit
1057 2003 1185 2043 super
1216 2004 1358 2032 omnes
1390 1991 1464 2043 qui
1485 1991 1661 2043 fuerunt
1693 1993 1790 2031 ante

281 2073 387 2101 eum.
423 2061 463 2099 et
492 2072 580 2100 non
609 2059 698 2112 fuit
717 2059 787 2100 illi
808 2060 914 2100 satis
935 2062 983 2100 ut
1004 2059 1239 2101 ambularet
1260 2060 1309 2100 in
1323 2060 1511 2114 peccatis
1533 2059 1789 2100 Hieroboam

279 2128 364 2181 filii
395 2127 583 2177 Nabath,
616 2127 687 2168 sed
729 2130 767 2169 et
807 2128 965 2180 accepit
994 2141 1167 2170 uxorem
1198 2128 1365 2170 Iezabel
1393 2128 1533 2182 filiam
1564 2128 1724 2170 Bazan
1755 2131 1791 2170 et

281 2195 391 2237 Hela
421 2196 532 2249 reyis
567 2195 853 2238 Sidoniorum.
906 2199 943 2237 et
964 2196 1069 2238 abiit
1099 2200 1137 2238 et
1166 2197 1349 2239 seruiuit
1368 2197 1508 2239 Baali
1530 2200 1565 2238 et
1588 2198 1792 2240 adorauit

280 2278 374 2306 eum
404 2266 441 2305 et
471 2264 621 2305 statuit
652 2265 895 2306 sacrarium
916 2264 1056 2307 Baali
1086 2266 1134 2306 in
1165 2266 1284 2307 domo
1317 2266 1573 2320 reliyionum
1594 2279 1787 2321 suarum,
1810 2275 1844 2301 30

282 2347 411 2387 quam
433 2333 685 2386 aedifioauit
705 2334 754 2374 in
777 2333 982 2375 Samaria
995 2350 1007 2386 ,·
1038 2338 1074 2376 et
1097 2335 1195 2387 fecit
1216 2334 1363 2377 Achab
1386 2335 1537 2387 lucum,
1570 2338 1618 2375 ut
1638 2335 1791 2387 faceret

419 2425 440 2458 9
464 2423 519 2458 111
543 2424 629 2468 Reg.
656 2424 711 2465 22,
738 2424 793 2458 43.
820 2425 865 2458 44
900 2424 954 2470 (cf.
980 2425 1028 2460 ib.
1056 2426 1109 2467 16,
1144 2425 1188 2460 28
1221 2428 1257 2460 et
1280 2426 1315 2460 Π
1338 2426 1455 2460 Paral.
1481 2426 1536 2467 20,
1563 2425 1617 2460 32.
1643 2425 1698 2469 33)

281 2482 324 2515 25
349 2481 400 2516 ΠΙ
423 2482 510 2525 Reg.
536 2481 590 2522 16,
616 2481 752 2516 30-33

351 2574 372 2607 3
399 2572 629 2618 quidcumque
655 2586 675 2607 v
794 2574 812 2607 7
838 2575 909 2608 Asa
935 2575 1130 2618 Latinius,
1156 2574 1243 2608 basa
1275 2575 1308 2608 V
1430 2574 1472 2608 13
1499 2575 1700 2608 idolatriam

286 2643 327 2676 18
345 2643 583 2686 concupiucrit
596 2656 615 2677 v
698 2645 739 2677 21
761 2646 934 2679 exemtum
1020 2644 1063 2678 22
1080 2645 1231 2689 inpunae
1318 2644 1362 2677 24
1378 2654 1463 2687 acap
1552 2643 1596 2676 25
1615 2621 1700 2688 agap

284 2699 328 2733 28
354 2699 495 2733 zezabel
628 2701 740 2735 basan
880 2701 924 2735 29
950 2702 1052 2746 Η613]
1079 2701 1234 2735 Ethbaal
1259 2701 1442 2735 Latinius
1585 2700 1701 2735 habiit

285 2756 402 2791 bahali
497 2757 539 2790 30
566 2759 715 2792 sacrario
811 2758 931 2793 bahali
1026 2759 1206 2803 regionum
1231 2770 1275 2792 m.
1304 2762 1322 2792 1
