1934 3278
435 259 489 294 De
514 269 583 293 non
607 257 781 302 parcendo
806 257 842 291 in
868 256 970 291 deum
996 255 1290 300 delinquentibus.
1533 254 1616 298 247

116 388 213 428 tunc
248 385 425 427 dixerint
457 383 509 426 ad
542 383 751 437 apostolos
780 382 988 436 principes
1023 383 1064 424 et
1093 381 1276 436 pontifex
1307 382 1347 423 et
1373 393 1491 424 omne
1514 394 1616 424 con-

117 454 258 497 cilium
298 454 573 496 Iudaeorum:
620 451 751 494 uultis
787 451 1052 494 introducere
1092 464 1218 504 super
1259 464 1335 493 nos
1365 452 1617 505 sanquinem

115 524 300 566 hominis
340 523 487 573 illius,
535 521 659 563 etiam
701 520 903 562 Photinus
944 520 1155 561 hominem
1195 519 1359 562 tantum
1400 519 1618 573 profitetur

118 591 183 634 dei
214 591 369 642 filium,
418 591 519 632 dicit
555 589 674 631 illum
705 602 784 631 non
816 589 944 631 fuisse
977 589 1071 630 ante
1102 589 1271 631 beatam
1302 588 1493 630 Mariam.
1544 589 1616 630 tua

81 670 279 715 ⁵quoque
321 661 425 702 haec
469 660 532 701 est
572 658 796 713 professio,
845 658 955 711 quod
988 657 1096 699 enim
1130 657 1224 699 ante
1257 657 1395 699 omnia
1434 656 1616 711 quidem,

115 730 191 772 hoc
226 729 290 771 est
322 729 416 770 ante
449 728 590 770 caelos
619 729 776 769 terram
806 739 921 768 mare
955 726 997 769 et
1028 726 1166 768 omnia
1204 738 1310 780 quae
1349 726 1390 767 in
1424 725 1482 767 eis
1523 726 1619 767 sunt

118 798 182 840 dei
216 798 269 840 sit
300 797 424 847 filius,
468 796 541 839 sed
574 797 685 851 quod
716 796 951 838 constiterit
983 809 1030 838 ex
1063 795 1203 846 nihilo,
1247 795 1322 837 sed
1353 795 1465 849 quod
1496 807 1616 837 crea-

115 868 209 909 tura
241 867 306 908 sit.
361 865 461 920 quid
492 866 693 907 interesse
727 865 940 907 arbitraris
970 865 1079 906 inter
1109 865 1151 906 te
1185 865 1226 906 et
1257 864 1434 906 Paulum
1467 864 1616 906 Samo-

116 936 307 978 satenum
340 934 408 976 uel
439 934 566 976 istum
600 934 687 976 eius
731 933 981 987 discipulum
1021 933 1141 975 tuum
1182 933 1489 984 conscotinum,
1539 932 1618 974 nisi

64 1011 97 1039 10
115 1004 212 1058 quia
242 1004 287 1045 tu
319 1007 416 1045 ante
448 1004 593 1045 omnia
625 1003 754 1054 dicas,
786 1002 857 1043 ille
883 1014 982 1044 uero
1008 1005 1107 1055 post
1125 1004 1297 1044 omnia?
1329 1002 1515 1044 ceterum
1537 1015 1619 1044 nna

114 1072 234 1114 uobis
267 1071 529 1114 crudelitatis
563 1072 686 1126 atque
718 1071 1026 1113 incredulitatis
1057 1084 1174 1113 mens
1207 1072 1290 1122 est,
1338 1071 1384 1112 ut
1422 1071 1618 1113 diceretis

114 1153 193 1182 non
225 1142 378 1183 habere
413 1141 537 1183 deum
568 1154 715 1183 uerum
755 1141 901 1183 filium.
955 1141 1099 1182 contra
1137 1140 1279 1182 uidete
1320 1140 1526 1194 quomodo
1565 1139 1620 1181 sit

114 1209 288 1252 credens
335 1211 481 1252 sancta
528 1210 719 1253 ecclesia.
772 1210 981 1253 credimus
1020 1211 1068 1251 in
1106 1224 1243 1252 unum
1286 1210 1409 1252 deum
1450 1212 1619 1262 patrem

114 1280 447 1335 omnipotentem,
479 1279 718 1322 uisibilium
749 1283 785 1322 et
807 1271 1092 1321 inuisibilium
1113 1279 1325 1332 factorem,
1358 1281 1395 1320 et
1415 1278 1462 1320 in
1484 1291 1617 1320 unum

64 1359 96 1384 1⁵
113 1347 332 1389 dominum
355 1348 493 1390 Iesum
517 1347 733 1391 Christum
752 1348 896 1402 filium
926 1348 995 1390 dei
1028 1350 1178 1390 natum
1210 1348 1260 1390 de
1286 1350 1423 1400 patre,
1456 1346 1530 1389 hoc
1562 1349 1619 1389 est

113 1417 160 1459 de
190 1417 433 1459 substantia
456 1419 621 1471 patris,
662 1417 786 1459 deum
817 1419 866 1460 de
896 1418 989 1469 deo,
1032 1417 1172 1459 lumen
1201 1417 1250 1459 cle
1280 1417 1459 1469 lumine,
1497 1417 1619 1459 deum

113 1499 260 1528 uerum
291 1487 340 1528 de
371 1486 443 1529 deo
474 1500 596 1541 uero,
645 1490 797 1529 natum
837 1501 924 1529 non
960 1488 1143 1542 factum,
1190 1487 1321 1528 unius
1360 1486 1620 1528 substantiae

114 1567 207 1597 cum
234 1558 381 1610 patre,
423 1557 531 1609 quod
562 1556 716 1600 Graeci
746 1557 896 1599 dicunt
925 1557 1179 1612 ὁμοούσιον,
1213 1570 1294 1610 per
1323 1569 1443 1610 quem
1473 1555 1619 1597 omnia

113 1623 230 1676 facta
260 1628 379 1680 sunt,
423 1626 513 1667 siue
544 1640 650 1679 quae
680 1627 730 1668 in
760 1626 873 1669 caelo
904 1627 994 1668 siue
1023 1640 1131 1680 quae
1161 1626 1208 1667 in
1242 1628 1356 1666 terra
1386 1627 1506 1679 sunt,
1544 1623 1620 1678 qui

62 1707 95 1733 πο
110 1696 281 1746 propter
319 1707 394 1736 nos
433 1695 621 1737 homines
662 1699 701 1738 et
732 1699 913 1749 propter
953 1698 1145 1737 nostram
1186 1695 1366 1737 salutem
1395 1694 1618 1749 descendit,

112 1761 366 1805 incarnatus
398 1767 469 1813 est,
511 1763 630 1806 homo
662 1765 802 1818 factus
832 1767 903 1814 est,
927 1777 1087 1818 passus
1117 1767 1187 1818 est,
1229 1764 1460 1806 resurrexit
1493 1763 1619 1804 tertae'a

112 1832 201 1885 die,
239 1832 427 1874 aseendit
457 1833 506 1875 in
538 1833 699 1875 caelum
731 1836 942 1875 uenturus
971 1834 1162 1876 iudicare
1191 1833 1316 1875 uiuos
1346 1836 1383 1874 et
1413 1836 1619 1884 mortuos;

113 1900 320 1942 credimus
358 1905 393 1942 et
431 1902 480 1943 in
518 1903 720 1954 spiritum
756 1905 965 1944 sanctum.
1018 1901 1224 1956 conspicis
1255 1901 1383 1943 fidem
1416 1900 1617 1955 apostoli-

113 1980 205 2010 cam
239 1970 609 2024 euangelicamque
644 1983 734 2013 esse
758 1972 878 2022 hanc,
912 1984 1018 2025 quae
1041 1984 1204 2024 semper
1225 1970 1358 2012 filium
1382 1983 1477 2012 cum
1499 1971 1615 2024 patre

61 2046 94 2072 2⁵
112 2049 310 2091 regnasse
344 2040 384 2080 et
413 2051 588 2093 regnare
622 2039 831 2089 defendat,
866 2053 971 2094 quae
1002 2039 1185 2082 fateatur
1209 2040 1250 2081 et
1271 2039 1500 2093 perfectam
1525 2052 1616 2082 esse

115 2105 297 2148 diuinam
329 2108 558 2150 trinitatem
594 2109 634 2150 et
655 2121 779 2150 unam
803 2109 955 2150 habere
979 2108 1269 2150 substantiam.
1304 2109 1490 2150 ceterum
1517 2108 1616 2162 quid

111 2175 219 2218 inter
251 2176 473 2218 ecclesiam
509 2177 550 2218 et
581 2189 654 2219 uos
694 2177 929 2219 haereticos
961 2177 1030 2219 uel
1060 2176 1241 2218 Iudaeos
1281 2177 1370 2218 erat
1407 2177 1535 2227 inter,
1583 2177 1616 2218 si

112 2257 190 2286 non
222 2245 279 2286 sic
313 2245 505 2287 crederet
543 2246 667 2287 beata
707 2246 916 2288 ecclesia?
959 2258 1064 2299 quae
1098 2245 1244 2287 sancta
1275 2244 1410 2287 fides?
1452 2246 1498 2286 ut
1530 2245 1615 2287 sci-

112 2313 213 2356 retis
245 2313 344 2368 quid
376 2314 415 2355 in
447 2315 566 2356 uobis
597 2314 715 2368 punit
757 2314 911 2357 domini
953 2314 1154 2366 ecclesia,
1202 2314 1305 2356 dixit
1348 2314 1471 2368 atque
1514 2313 1616 2355 dicit

61 2381 166 2424 ³0de
198 2383 338 2425 uobis:
385 2396 448 2425 eos
480 2386 619 2425 autem
650 2384 724 2437 qui
761 2385 930 2426 dicunt.-
975 2386 1065 2426 erat
1104 2383 1275 2437 quando
1315 2396 1402 2424 non
1442 2386 1533 2424 erat
1579 2385 1616 2423 et

110 2451 362 2504 priusquam
396 2455 641 2494 nasceretur
672 2466 757 2494 non
789 2456 893 2508 erat,
932 2456 968 2494 et
999 2453 1101 2506 quia
1131 2466 1181 2494 ex
1211 2452 1347 2494 nullis
1377 2451 1615 2493 extantibus

247 2599 268 2633 2
293 2601 370 2635 Act.
403 2601 435 2643 5,
461 2601 505 2636 28
601 2603 642 2637 13
667 2602 771 2636 Fides
797 2602 952 2637 Nicaena
978 2601 1048 2645 (62,
1074 2602 1141 2635 466
1168 2601 1300 2645 Migne)
1392 2599 1436 2633 30
1461 2599 1507 2634 ib.

180 2723 200 2757 2
226 2724 430 2759 ⁵''troducere
523 2726 544 2759 4
571 2728 606 2761 et
632 2726 717 2761 dicit
742 2727 835 2761 coni.
866 2726 1094 2761 Gallamlius
1189 2726 1209 2759 9
1235 2726 1340 2760 istum
1372 2727 1411 2765 V,
1439 2735 1523 2777 euin⁹
1541 2727 1614 2759 tum

1505 2782 1522 2799 u

113 2814 132 2837 v
273 2804 309 2837 11
338 2804 554 2839 crudelitatis
580 2817 611 2849 v,
644 2806 860 2841 credulitatis
892 2808 939 2850 1'5
964 2807 1012 2849 cs.
1032 2818 1072 2851 1).
1097 2808 1178 2850 251,
1204 2809 1251 2841 24
1376 2807 1418 2841 17
1443 2818 1524 2841 ucro

112 2870 155 2904 20
181 2854 297 2907 d‘e‘ssdit
324 2877 376 2915 (⁶⁸¹²
401 2885 445 2909 m.
472 2874 552 2918 alt.)
647 2875 689 2909 21
717 2877 752 2909 et
777 2854 977 2909 incarnatus
1002 2887 1023 2910 v
