1934 3278
1552 261 1626 292 VII

156 376 361 419 Ceterum
383 373 673 417 Commodiani
705 373 975 427 profanarum
1007 374 1244 416 litterarum
1276 374 1414 416 studia
1445 387 1526 417 non
1552 374 1624 426 eis,

112 458 211 501 quos
245 444 589 494 memorauimus‚
638 441 911 495 scriptoribus
943 455 984 484 se
1017 441 1323 485 continuerunt.
1386 442 1625 486 Ciceronem

112 526 293 570 quoque,
342 511 553 566 Ouidium,
587 511 823 563 Tibullum,
868 511 971 553 alios
1010 511 1223 553 interdum
1255 512 1419 554 uidetur
1456 514 1623 556 secutus

110 597 220 634 esse3
253 594 327 637 ego
349 594 445 624 uero
468 593 561 623 cum
584 580 627 621 et
648 581 845 634 temporis
869 580 1074 634 angustiis
1095 581 1137 622 et
1158 581 1312 622 uirium
1339 581 1625 625 mediocritate

110 651 326 706 impediar,
359 650 454 693 aliis
485 662 573 691 rem
605 649 837 691 accuratius
870 649 1129 691 tractandam
1162 649 1368 703 relinqu0;
1412 650 1483 704 qui
1515 651 1550 694 si
1582 652 1624 693 in

110 719 394 764 Commodiani
426 718 679 761 carminibus
711 730 832 760 suum
865 718 1011 772 cuique
1043 719 1215 760 reddere
1238 719 1509 774 conabuntur,
1543 733 1624 763 non

110 791 244 832 multo
277 789 492 843 angustior
525 789 582 830 eis
613 799 785 841 campus
816 787 979 841 patebit
1019 800 1143 841 quam
1181 787 1225 829 in
1256 788 1480 831 Ammiano
1511 791 1625 833 Mar-

110 858 278 902 cellino.

463 973 536 1018 De
570 971 829 1018 codicibus
861 971 1269 1019 instructionum.

166 1064 457 1118 Baluzio¹³)
490 1063 525 1105 si
558 1062 659 1105 fides
698 1062 886 1106 habenda
924 1065 1004 1118 est,
1052 1065 1270 1107 Iacobus
1317 1065 1911 1109 Sirmondu800d·A¹¹d00²uen-

108 1135 411 1190 apographum,
460 1144 537 1187 quo
584 1131 862 1189 Rigaltius
908 1136 1052 1186 postea
1098 1146 1195 1176 usus
1238 1137 1318 1186 est,
1371 1148 1420 1177 ex
1458 1138 1622 1178 uetusto
1653 1104 1890 1138 smdeperdlms‘

109 1204 244 1247 codice
278 1204 565 1247 Andecauensi
596 1205 686 1258 ipse
719 1203 1004 1256 descripserat.
1055 1201 1178 1245 Hunc
1211 1203 1395 1245 codicem
1426 1216 1507 1246 non
1537 1205 1622 1246 iam

108 1284 342 1326 comparere
382 1274 637 1315 Ernestus
676 1271 906 1326 Ludwig,
949 1271 1199 1313 nouissimae
1232 1271 1426 1314 editionis
1466 1275 1622 1324 auctor,

108 1354 131 1383 a
161 1342 507 1396 Lemarchandio,
555 1341 833 1384 bibliothecae
866 1340 1177 1382 Andecauensis
1208 1341 1425 1394 praefecto,
1466 1341 1621 1383 litteris

109 1411 260 1453 cert-ior
291 1412 427 1453 factus
460 1414 536 1453 est.
583 1411 640 1453 Eo
673 1411 807 1462 magis
835 1422 979 1464 operae
1005 1410 1186 1464 pretium
1219 1413 1280 1452 est
1314 1412 1502 1453 accurate
1535 1411 1621 1452 col-

106 1481 249 1535 ligere,
282 1481 316 1522 si
350 1480 447 1534 quid
478 1480 665 1522 homines
688 1480 829 1521 doctos
860 1479 956 1521 inde
977 1480 1241 1532 exscripsisse
1273 1482 1344 1521 aut
1366 1480 1528 1522 certum
1550 1479 1622 1521 aut

107 1550 337 1592 uerisimile
376 1551 458 1600 est,
503 1548 749 1602 praesertim
782 1560 877 1590 cum
910 1547 1040 1590 etiam
1077 1548 1361 1601 apographum
1393 1547 1500 1590 illud
1533 1546 1621 1589 Sir-

106 1619 374 1661 mondianum
414 1618 465 1661 ad
501 1618 608 1660 hanc
640 1618 821 1659 aetatem
854 1629 934 1659 non
965 1617 1156 1659 uideatur
1188 1619 1439 1670 peruenisse.

164 1700 215 1741 Et
247 1699 406 1754 primus
438 1698 527 1752 ipse
560 1698 882 1749 Sirmondus‚
932 1700 977 1739 ut
1019 1710 1143 1751 supra
1184 1698 1529 1752 memorauimus‚
1578 1698 1619 1739 in

107 1769 287 1810 editione
311 1768 502 1819 Ennodii‚
536 1768 682 1810 deinde
716 1767 995 1811 Gilbertus
1019 1767 1331 1810 Gaulminus
1363 1768 1405 1809 in
1439 1767 1620 1811 editione

106 1838 313 1879 Eustathii
345 1838 572 1891 particulas
605 1840 806 1891 quasdam
844 1837 1169 1879 instructionum
1211 1838 1469 1891 attulerunt,
1517 1849 1619 1891 quae

106 1910 174 1948 aut
210 1920 255 1948 ex
287 1907 375 1960 ipso
408 1906 480 1948 illo
521 1906 658 1948 codice
699 1908 866 1948 uetusto
897 1909 969 1948 aut
1001 1919 1047 1947 ex
1080 1907 1316 1961 apographo
1348 1919 1371 1947 a
1403 1906 1618 1949 Sirmondo

107 1977 260 2030 scripto
308 1976 502 2018 uidentur
548 1975 725 2017 fluxisse.
789 1975 1062 2029 Rigaltius
1105 1977 1246 2017 autem
1294 1976 1617 2018 instructionum

105 2047 225 2086 uetus
258 2045 467 2098 exemplar
497 2044 658 2086 nullum
691 2057 733 2086 se
767 2043 934 2095 uidisse,
968 2044 1040 2086 sed
1073 2045 1308 2099 apographo
1339 2046 1504 2087 tantum
1530 2044 1618 2087 Sir-

103 2113 324 2156 mondiano
363 2114 404 2155 in
445 2114 624 2155 editione
664 2113 845 2155 curanda
884 2125 1007 2154 usum
1046 2125 1131 2155 esse
1169 2115 1210 2155 in
1242 2114 1499 2168 praefatione
1530 2114 1617 2168 ipse

105 2183 275 2224 fatetur.

163 2266 219 2306 At
252 2263 503 2305 Baluzius
536 2263 737 2305 lectiones
771 2276 816 2304 ex
848 2263 936 2317 ipso
969 2263 1107 2305 codice
1129 2263 1414 2306 Andecauensi
1446 2263 1615 2305 haustas

104 2333 369 2387 conpluribus
408 2345 577 2387 operum
618 2344 784 2374 suorum
826 2332 926 2374 locis
966 2345 1047 2374 non
1080 2333 1142 2374 ita
1172 2344 1323 2386 paucas
1355 2332 1504 2375 adfert.
1558 2332 1616 2374 Ea

106 2402 154 2443 de
185 2415 227 2443 re
260 2402 428 2444 uberius
470 2401 534 2456 egi
566 2401 608 2442 in
640 2402 803 2443 Blatter
835 2401 863 2442 f.
897 2402 936 2443 d.
969 2401 1109 2456 bayer.
1143 2401 1293 2457 Gymn.
1327 2401 1427 2443 XVI
1459 2414 1497 2455 p.
1531 2402 1611 2443 341

104 2482 191 2524 sqq.
214 2469 275 2521 ¹⁸).

162 2550 450 2592 Patauinus
482 2562 643 2603 quoque
677 2548 966 2591 Commodiani
998 2551 1141 2598 codex,
1190 2562 1313 2602 quem
1346 2548 1613 2592 Montfaucon
1640 2551 1885 2619 (ῡέἑρξζὲξῐῑζξζβδ

103 2617 146 2659 in
178 2618 278 2660 bibl.
304 2618 405 2660 bibl.
440 2624 538 2660 tom.
573 2620 591 2661 1
623 2618 726 2661 487³*
758 2618 815 2660 sic
847 2618 1058 2672 designat:
1098 2617 1162 2659 ‘ex
1195 2619 1365 2660 Musaeo
1397 2618 1611 2660 Laurentii

162 2764 202 2807 ¹³)
228 2765 311 2800 Not.
339 2766 373 2799 in
400 2766 562 2801 Lactant.
589 2766 630 2800 de
656 2769 757 2801 mort.
787 2768 955 2810 persecut.
988 2777 1015 2800 c.
1052 2767 1110 2807 113
1147 2767 1251 2810 (fypr.
1289 2766 1341 2800 ed.
1379 2767 1492 2801 Paris.
1529 2778 1610 2802 ann.

106 2821 192 2855 1726
218 2833 250 2866 p.
274 2822 353 2856 453.

163 2879 199 2920 ¹¹)
227 2879 280 2914 Cf.
308 2879 638 2924 Sitzungsberichte
664 2881 763 2916 CVII
789 2892 821 2925 p.
849 2881 914 2916 733
939 2891 1014 2925 sqq.
