1934 3278
280 269 338 312 40
935 265 1129 300 Luciferi

279 398 318 437 et
348 397 446 436 ante
478 393 621 446 lucem,
655 397 691 435 et
723 392 925 435 Samuhel
946 392 1050 434 abiit
1082 393 1130 434 in
1161 392 1327 434 obuiam
1360 393 1510 434 Israel.
1574 393 1615 434 et
1655 392 1783 434 infra:

279 466 317 505 et
346 463 466 505 uenit
498 461 698 504 Samuhel
730 463 786 504 ad
807 461 930 515 Saul,
964 464 1002 503 et
1031 474 1117 503 ecce
1139 460 1247 503 Saul
1269 461 1464 513 offerebat
1495 461 1783 504 holocaustum

279 531 449 574 domino
479 534 516 572 et
546 531 677 572 initia
700 530 968 583 praedarum
997 543 1105 583 quae
1136 530 1281 571 attulit
1312 544 1361 571 ex
1390 530 1575 573 Amalec.
1620 534 1656 572 et
1681 544 1783 583 per-

280 600 398 642 uenit
430 599 632 642 Samuhel
665 599 720 640 ad
753 598 875 649 Saul,
915 601 952 639 et
981 598 1094 640 discit
1122 598 1190 640 illi
1222 599 1352 641 Saul:
1397 599 1635 640 benedictus
1665 612 1705 640 es
1738 602 1781 640 tu

279 669 461 718 domino,
478 668 609 710 statui
626 667 770 708 omnia
787 680 893 720 quae
911 667 1073 708 locutus
1089 670 1145 708 est
1162 667 1368 709 dominus.
1386 670 1421 708 et
1438 668 1549 709 dixit
1563 667 1781 709 Samuhel:
1817 681 1831 704 '1

278 740 317 778 et
346 750 452 790 quae
492 739 548 778 est
589 749 673 777 uox
703 735 830 777 huius
869 736 1007 789 yreyis
1045 736 1094 776 in
1125 736 1299 778 auribus
1340 737 1442 778 meis
1481 740 1517 778 et
1547 750 1631 778 uox
1662 737 1782 778 boum

277 819 404 860 quam
434 818 504 859 eqo
536 805 697 846 audio?
747 806 785 845 et
814 803 927 845 dixit
957 803 1087 846 Saul:
1135 804 1184 846 de
1216 804 1393 847 Amalec
1425 804 1565 846 adtuli
1596 819 1646 846 ea
1676 819 1781 857 quae

270 874 513 928 praedauit
519 873 706 926 populus
723 873 885 925 optima
898 873 1038 927 yreyis
1059 875 1098 914 et
1116 872 1250 927 boum,
1275 876 1320 914 ut
1340 873 1595 915 inmolentur
1610 874 1781 915 domino

277 943 350 985 deo
372 945 441 983 tuo
468 942 579 995 re9i;
612 940 779 994 reliqua
801 943 942 983 autem
963 941 1199 994 disperdidi
1218 944 1257 983 et
1277 943 1571 984 exterminaui.
1604 945 1642 984 et
1671 943 1784 984 dixit

277 1009 480 1053 Samuhel
501 1010 557 1051 ad
579 1009 710 1051 Saul:
741 1023 881 1051 nonne
902 1009 1107 1051 minimus
1128 1022 1224 1051 eras
1255 1010 1302 1052 in
1323 1014 1542 1064 conspectu
1562 1013 1649 1054 dux
1670 1025 1782 1065 scep-
1803 1024 1836 1049 10

276 1083 439 1122 trorum
468 1079 517 1121 de
548 1079 659 1120 tribu
690 1078 842 1131 Israel,
882 1081 919 1119 et
949 1079 1074 1119 unxit
1106 1081 1141 1120 te
1171 1079 1368 1121 dominus
1407 1081 1455 1121 in
1495 1093 1627 1134 reyem
1657 1093 1785 1133 super

276 1147 436 1198 Israel,
484 1150 520 1188 et
550 1148 729 1189 immisit
761 1150 795 1189 te
826 1147 1022 1188 dominus
1052 1148 1101 1188 in
1130 1148 1207 1188 uia
1245 1150 1283 1189 et
1321 1148 1432 1189 dimit
1464 1148 1563 1190 tibi:
1608 1149 1717 1190 uade
1747 1152 1784 1190 et

276 1218 469 1271 disperde
499 1217 595 1258 illos
625 1216 699 1269 qui
722 1219 900 1268 peccant
930 1216 978 1256 in
1008 1228 1086 1268 me,
1118 1215 1307 1267 Amalec,
1340 1219 1376 1257 et
1407 1218 1666 1271 expuynabis
1688 1218 1783 1259 illos

278 1301 404 1341 usque
424 1288 526 1329 dum
547 1298 761 1327 consumes
782 1284 912 1327 illos?
943 1287 981 1326 et
1001 1298 1132 1338 quare
1154 1298 1239 1325 non
1262 1285 1422 1327 audisti
1443 1299 1581 1327 uocem
1602 1287 1779 1337 domini,

277 1357 346 1398 sed
366 1355 623 1408 impetiuisti
643 1354 699 1396 ad
712 1354 924 1407 praedam
945 1356 984 1394 et
1003 1353 1142 1406 fecisti
1163 1354 1274 1406 quod
1294 1354 1535 1408 maliynum
1557 1358 1616 1396 est
1636 1369 1778 1397 coram
1805 1366 1836 1390 1⁵

276 1424 479 1468 domino?
509 1426 546 1464 et
571 1423 683 1465 dizit
702 1422 834 1464 Saul:
864 1422 1066 1475 quoniam
1087 1422 1241 1464 audiui
1259 1423 1477 1477 populum,
1511 1424 1598 1465 abii
1629 1425 1677 1466 in
1707 1425 1783 1466 uia

275 1507 403 1548 quam
423 1493 540 1534 misit
560 1505 623 1533 me
644 1492 757 1542 deus,
780 1494 818 1532 et
838 1491 1003 1532 adduxi
1024 1490 1147 1545 A9a9
1168 1504 1302 1546 regem
1324 1492 1515 1546 Amalec,
1548 1496 1585 1534 et
1605 1492 1780 1535 Amalec

277 1562 523 1616 disperdidi.
585 1563 621 1601 et
667 1560 826 1613 accepit
860 1559 1046 1612 populus
1081 1560 1291 1612 praedam
1329 1561 1467 1615 yreqis
1509 1564 1546 1603 et
1587 1564 1784 1603 armenta

270 1632 491 1684 primaria
521 1629 696 1671 illorum
717 1642 824 1682 quae
846 1628 1096 1681 disperdidi,
1129 1632 1176 1670 ut
1196 1630 1429 1682 sacrificem
1451 1643 1590 1672 coram
1611 1631 1782 1673 domino

276 1701 350 1743 deo
368 1703 509 1742 nostro
527 1700 575 1740 in
596 1697 796 1751 Galyala.
817 1700 855 1738 et
871 1697 980 1738 dixit
997 1696 1226 1742 Samuhel:
1247 1699 1456 1751 numquid
1471 1700 1567 1741 uult
1583 1700 1783 1743 dominus
1802 1720 1835 1744 20

276 1769 518 1811 holocausta
548 1771 587 1809 et
617 1767 832 1821 sacrificia
864 1767 1001 1820 mayis
1032 1779 1161 1819 quam
1193 1768 1398 1808 exaudire
1419 1781 1558 1810 uocem
1580 1769 1781 1811 domini?

278 1841 314 1879 et
345 1850 428 1880 eece
458 1837 790 1879 dictoaudientia
820 1837 966 1878 melior
997 1838 1056 1877 est
1085 1849 1214 1888 quam
1251 1837 1513 1889 sacrificium
1554 1840 1590 1878 et
1620 1838 1780 1879 oboedi-

276 1907 393 1948 entia
414 1919 543 1959 quam
562 1906 710 1958 adipes
731 1905 925 1947 arietum.
965 1906 1168 1958 quoniam
1188 1909 1402 1958 peccatum
1422 1906 1680 1949 abominatio
1710 1911 1781 1957 est,

276 1975 437 2017 dolores
467 1978 506 2016 et
533 1975 711 2029 gemitus
733 1975 789 2017 ad
811 1977 848 2016 te
868 1974 1101 2017 adduoeisti.
1123 1988 1205 2027 pro
1227 1975 1377 2028 quibus
1398 1975 1562 2017 nullius
1585 1977 1782 2018 momenti

276 2044 414 2098 fecisti
443 2044 615 2086 uerbum
646 2043 822 2095 domini,
863 2042 1029 2085 nullius
1060 2045 1260 2085 momenti
1290 2047 1328 2085 te
1357 2044 1485 2097 faciet
1515 2045 1711 2086 dominus
1732 2058 1784 2087 ne
1804 2063 1836 2087 25

278 2126 437 2167 reynes.
470 2115 510 2154 et
529 2112 639 2155 dixit
663 2112 771 2155 Saul
793 2112 850 2154 ad
872 2112 1094 2156 Samuhel:
1119 2113 1299 2165 peccaui
1322 2113 1525 2165 quoni-am
1538 2114 1781 2166 praeteriui

276 2182 448 2223 uerbum
487 2181 652 2223 domini
683 2184 719 2224 et
749 2182 921 2224 uerbum
951 2184 1084 2235 tuum,
1117 2183 1320 2235 quoniam
1350 2183 1474 2224 timui
1486 2183 1711 2236 populum,
1745 2188 1782 2225 et

277 2251 430 2293 audiui
462 2264 603 2293 uocem
634 2250 820 2293 illorum.
861 2254 897 2292 et
917 2264 1031 2293 nunc
1053 2253 1197 2305 aufers
1210 2254 1432 2305 peccatum
1452 2265 1604 2304 meum,
1638 2265 1780 2294 reuer-

276 2322 360 2361 tere
381 2333 553 2372 mecum‚
588 2319 771 2362 adorabo
794 2320 1014 2362 dominum
1044 2320 1167 2362 deum
1196 2324 1328 2362 tuum.
1370 2324 1408 2362 et
1437 2321 1548 2363 discit
1579 2320 1780 2365 Samuhel

277 2388 335 2429 ad
354 2388 477 2430 illum
494 2404 503 2431 :
537 2389 770 2442 disrumpet
790 2389 987 2431 dominus
1008 2402 1183 2443 reqnum
1205 2393 1327 2432 tuum
1346 2403 1395 2431 ex
1416 2389 1556 2431 Israel
1575 2389 1624 2432 de
1645 2403 1779 2431 manu
1800 2405 1835 2430 πο

275 2460 352 2498 tua
382 2457 516 2509 hodie,
552 2461 591 2500 et
621 2458 737 2500 dabit
766 2457 876 2501 illud
904 2459 1098 2511 promimo
1129 2462 1198 2501 tuo
1230 2459 1394 2500 meliori
1425 2462 1473 2500 te.
1508 2458 1549 2499 et
1578 2457 1706 2499 infra:
1738 2461 1775 2499 et

413 2580 433 2613 2
459 2581 474 2614 Ι
499 2581 583 2625 Reg.
611 2582 664 2622 15,
693 2582 827 2616 13—28
921 2582 961 2615 31
990 2582 1035 2616 ib.
1063 2582 1115 2622 15,
1143 2582 1186 2615 35
1213 2602 1257 2606 -—
1286 2582 1339 2616 16.
1371 2582 1385 2615 1

346 2695 366 2728 6
391 2696 499 2728 *meis
628 2697 648 2729 9
675 2696 738 2730 deo
765 2708 830 2731 om.
856 2708 875 2730 ἰ·
991 2697 1065 2740 regi
1090 2707 1168 2740 emp.
1197 2696 1378 2729 Latinius
1511 2696 1549 2729 11
1578 2695 1689 2729 tribus

278 2752 395 2786 uncxit
490 2751 531 2785 12
549 2756 583 2786 et
603 2752 644 2786 16
663 2753 756 2786 uiam
779 2765 799 2787 i·
892 2752 933 2787 21
962 2753 1144 2787 exaudissre
1170 2752 1206 2796 (d
1225 2755 1331 2793 eras.)
1426 2751 1470 2784 22
1488 2752 1581 2785 dieto
1601 2752 1780 2786 audientia.

287 2810 322 2850 V,
350 2808 424 2843 dico
442 2810 512 2853 (uel
530 2808 667 2852 dicito):
693 2809 872 2844 audientia
889 2822 909 2845 i·
1003 2810 1046 2844 28
1073 2809 1169 2844 aufer
1189 2821 1205 2844 ι·
1300 2809 1343 2842 29
1370 2808 1470 2842 deum
1496 2820 1523 2843 s.
1551 2809 1571 2843 l.
1601 2821 1643 2843 m.
1673 2813 1688 2843 I

275 2868 318 2901 31
346 2867 423 2901 illut
