1934 3278
560 258 613 291 De
639 258 761 291 sancto
787 256 981 291 Athanasio
1007 256 1095 291 liber
1120 257 1162 291 ΙΙ.
1530 257 1616 300 205

109 397 181 439 per
211 385 252 426 te
284 396 357 426 nos
391 383 637 437 adgressum
670 383 906 436 serpentem
951 384 992 424 et
1031 383 1142 437 quod
1182 384 1223 425 te
1263 383 1407 425 multis
1438 383 1479 424 in
1510 383 1614 425 locis

109 454 215 495 inter
236 465 306 495 eos
327 452 539 506 posuerim
561 451 631 506 qui
652 451 806 493 fuerint
828 450 929 493 dicti
949 452 1176 506 serpentes.
1208 452 1428 494 considera
1446 464 1614 505 operam

108 523 224 562 tuam
256 521 298 562 et
318 520 484 563 illorum
518 521 572 572 et,
605 520 639 563 si
671 533 748 562 non
781 533 909 562 unum
941 533 1016 563 uos
1048 533 1139 564 esse
1172 522 1419 575 cognoueris
1451 534 1613 576 corpus,

111 590 237 631 dicito
269 602 336 631 me
367 601 447 631 non
478 589 587 630 iuste
620 589 722 631 haec
757 587 908 631 dicere.
969 590 1064 632 tuos
1102 590 1328 644 magistros
1368 590 1409 632 in
1439 591 1616 645 perfidia

76 658 289 701 ⁵1udaeos
322 657 443 699 audis
475 658 587 700 certe
618 659 660 699 in
693 658 824 700 sacris
856 658 1087 712 euangeliis
1119 659 1333 712 serpentes
1364 672 1489 714 saepe
1522 660 1614 702 dic-

109 729 174 769 tos
207 740 230 768 a
262 726 449 769 domino:
495 729 706 780 serpentes
741 728 1024 781 yeneramina
1061 727 1325 781 viperarum.
1386 728 1498 771 unde
1536 729 1614 771 hoc

110 796 273 839 nomine
305 795 447 838 uocari
478 796 749 838 meruerunt?
781 796 896 838 celte
917 796 1085 849 propter
1107 808 1287 849 nequam
1310 808 1412 850 opus
1433 796 1614 849 illorum,

110 865 224 907 certe
255 866 423 918 propter
452 864 794 906 incredulitatem
826 877 958 907 suam.
991 865 1087 907 inde
1121 866 1162 907 ot
1194 866 1399 908 Iohannes
1416 866 1615 920 baptista,

102 934 326 989 proyenies
346 933 611 987 uiperarum,
637 932 741 974 dicit
763 932 815 974 ad
839 945 922 983 eos,
947 934 1043 986 quis
1060 934 1320 976 monstrauit
1339 933 1458 976 uobis
1473 933 1616 989 fuqere

61 1018 93 1043 ιο
111 1004 162 1046 ab
191 1004 262 1045 ira
292 1003 512 1045 uentura?
557 1002 686 1055 facite
716 1015 811 1057 er90
841 1003 994 1058 sliquos
1023 1003 1190 1056 fructus
1219 1003 1524 1056 paenitentiae.
1570 1005 1618 1046 ut

112 1085 159 1114 ex
190 1070 274 1114 illis
308 1083 420 1126 ergo,
461 1071 531 1126 qui
562 1072 603 1113 in
635 1071 805 1113 unicum
836 1072 1108 1114 crediderunt
1137 1072 1270 1114 filium
1304 1072 1384 1124 dei,
1424 1073 1494 1127 qui
1524 1073 1616 1116 uias

111 1142 380 1185 correxerunt
402 1154 513 1191 suas,
546 1141 777 1183 meruerint
798 1141 873 1183 filii
898 1141 1009 1183 effici
1030 1141 1152 1191 lucis,
1187 1141 1258 1183 alii
1279 1154 1380 1184 uero
1403 1143 1616 1196 serpentes

112 1211 318 1261 dicuntur,
366 1210 427 1252 ita
470 1211 511 1253 et
548 1212 608 1261 tu,
655 1211 735 1253 nisi
765 1211 926 1253 fructus
958 1210 1108 1253 feceris
1142 1210 1290 1265 dignos
1320 1211 1615 1265 paenitentiae,

112 1281 188 1323 nisi
219 1280 315 1322 tuas
346 1280 437 1321 uias
469 1281 711 1329 correxeris,
744 1279 857 1321 filius
878 1280 1050 1334 uiperae
1074 1280 1199 1333 atque
1223 1280 1427 1333 serpentis
1450 1280 1615 1323 diceris.

61 1360 94 1385 1⁵
112 1349 203 1403 quis
228 1349 382 1390 etenim
406 1349 471 1391 dei
495 1361 711 1391 seruorum
733 1361 812 1391 non
834 1349 876 1390 te
899 1348 1153 1390 homicidam
1177 1349 1302 1402 atque
1325 1349 1617 1403 blasphemum

113 1431 203 1461 csse
236 1431 410 1461 cernens
442 1431 520 1460 non
557 1431 603 1460 eo
635 1419 760 1460 uocet
790 1418 956 1460 nomine
990 1431 1070 1472 quo
1093 1418 1296 1460 uocentur
1320 1418 1493 1461 Iudaei?
1525 1420 1617 1473 quis

112 1488 154 1530 te
187 1501 208 1529 e
242 1487 366 1530 deum
396 1487 643 1529 timentibus
677 1486 887 1529 dubitabit
918 1486 1030 1541 quod
1063 1499 1106 1528 es
1138 1487 1418 1540 pronuntiare,
1452 1488 1617 1541 quando

116 1555 261 1598 uideat
281 1555 454 1606 scribas,
488 1556 737 1598 Pharisaeos
771 1555 813 1597 et
842 1555 1051 1609 principes
1071 1554 1323 1597 Iudaeorum
1346 1555 1502 1599 idcirco
1527 1570 1617 1599 ser-

112 1625 258 1678 pentes
276 1624 372 1675 dici,
396 1625 494 1679 quia
518 1626 559 1667 et
580 1625 876 1679 prophetarum
898 1624 1097 1667 fuderunt
1117 1625 1364 1679 sanguinem
1386 1626 1428 1667 et
1448 1626 1618 1668 unicum

62 1712 94 1736 20
114 1694 359 1748 negauerint
392 1694 457 1735 dei
489 1693 650 1735 filium?

169 1762 367 1805 XXXIII.
412 1762 518 1805 Cum
550 1763 654 1804 haec
694 1762 755 1804 ita
793 1774 836 1804 se
877 1761 1072 1813 habeant,
1113 1763 1305 1815 superest
1335 1763 1382 1804 ut
1411 1763 1618 1805 factorum

114 1832 279 1874 tuorum
310 1844 434 1886 geras
464 1830 779 1886 paenitentiam,
822 1830 1047 1872 aduertens
1079 1830 1204 1873 deum
1235 1843 1335 1873 suae
1367 1831 1617 1875 clementiae

114 1900 444 1944 misericordiam
477 1901 668 1943 omnibus
701 1913 725 1943 a
756 1900 835 1943 uiis
868 1900 1164 1943 recedentibus
1196 1901 1319 1943 malis
1340 1902 1617 1955 praestitisse,

114 1970 271 2012 habens
303 1969 478 2012 formam
499 1969 806 2019 Nineuitarum,
840 1982 943 2024 quos
975 1970 1011 2012 si
1032 1969 1160 2012 fueris
1182 1969 1384 2021 imitatus,
1417 1970 1477 2012 ita
1498 1983 1619 2025 opem

63 2037 426 2081 &misericordiae
459 2039 728 2093 consequaris
760 2051 932 2081 necesse
966 2038 1042 2081 est.
1074 2051 1178 2092 quos
1210 2039 1324 2080 circa
1347 2039 1489 2093 accipe
1512 2052 1618 2094 quae

114 2108 268 2150 fuerint
297 2108 420 2162 gesta
442 2107 513 2149 uel
541 2108 621 2162 ipsi
651 2107 964 2162 praedicatione
996 2108 1123 2150 Ionae
1144 2107 1280 2149 territi
1302 2120 1409 2161 quae
1431 2108 1618 2150 fecerint.

108 2178 386 2230 praeceptum
418 2180 490 2230 est,
523 2176 659 2231 inquit
689 2189 810 2220 sacra
842 2177 1062 2231 scriptura,
1095 2180 1192 2228 ceto,
1224 2180 1261 2218 ei
1291 2178 1436 2220 reiecit
1465 2177 1619 2219 Ionam

114 2258 242 2299 super
271 2249 445 2289 terram.
478 2249 515 2288 et
545 2245 708 2298 factum
737 2248 798 2288 est
826 2245 1001 2288 uerbum
1021 2245 1187 2288 domini
1207 2245 1264 2287 ad
1287 2246 1444 2287 Ionam
1465 2246 1619 2287 iterum

114 2314 280 2358 dicens.-
309 2327 432 2370 surye
461 2317 500 2357 et
528 2315 638 2357 unde
667 2315 717 2357 in
748 2315 917 2357 Nineue
947 2315 1166 2358 ciuitatem
1196 2327 1400 2369 maynam
1429 2317 1470 2356 et
1488 2327 1617 2368 prae-

66 2395 99 2421 su
114 2382 211 2427 dica
240 2384 290 2426 in
316 2398 364 2426 ea
395 2385 624 2427 secundum
646 2384 1012 2439 praedicationem
1034 2384 1228 2438 priorem
1257 2397 1386 2437 quam
1415 2396 1484 2437 e90
1506 2382 1619 2425 locu-

117 2454 183 2495 tus
211 2465 306 2495 sum
336 2452 393 2495 ad
415 2456 464 2495 te.
496 2456 533 2495 et
553 2453 737 2495 surremit
759 2453 892 2495 Ionas
924 2456 962 2496 et
983 2453 1089 2495 abiit
1119 2453 1168 2494 iri
1191 2452 1362 2495 Nineue
1391 2452 1619 2494 secundum

253 2590 274 2624 6
298 2589 426 2624 Matth.
453 2589 509 2634 23,
534 2589 578 2624 33
672 2590 693 2625 9
718 2589 765 2624 ib.
790 2589 822 2629 3,
850 2590 880 2624 7.
906 2589 927 2624 8
1019 2588 1063 2623 27
1088 2588 1161 2623 Ion.
1185 2588 1218 2628 2,
1247 2588 1286 2622 11
1313 2607 1358 2613 —
1382 2587 1415 2628 4,
1439 2587 1462 2622 2

184 2703 206 2738 9
229 2702 442 2738 monstrabit
535 2702 579 2736 10
602 2701 732 2737 fructos
827 2702 871 2736 15
896 2712 964 2736 non
989 2704 1198 2746 suspectum
1223 2700 1330 2735 habet
1348 2701 1529 2735 Latinius

119 2761 159 2795 17
185 2771 203 2795 e
228 2771 296 2796 om.
322 2773 354 2802 r,
382 2771 456 2796 esse
482 2760 665 2795 Latinius
808 2759 898 2805 quod
933 2771 968 2794 es
994 2759 1088 2794 coni.
1116 2758 1241 2801 Goleti,
1273 2768 1340 2802 quo
1368 2768 1404 2792 es
1437 2758 1496 2800 Vn,
1531 2758 1621 2802 quod

115 2819 214 2862 potes
239 2818 510 2864 Luqdunenses
615 2818 660 2852 24
685 2818 912 2853 niniuitarum
937 2821 970 2852 et
997 2817 1017 2852 l.
1045 2819 1094 2852 29
1119 2820 1152 2851 et
1177 2818 1221 2853 31
1249 2816 1365 2850 niniue
1471 2816 1514 2850 25
1541 2827 1620 2861 quo-

116 2875 206 2910 circa
230 2887 250 2910 τ
343 2875 386 2909 27
411 2876 540 2921 regeeit
