1934 3278
467 247 522 282 De
548 258 616 282 non
641 247 816 292 parcendo
843 249 877 283 in
905 248 1006 284 deum
1033 248 1330 295 delinquentibus.
1572 252 1653 295 237

148 377 192 416 te
223 374 368 416 contra
400 374 510 427 quod
542 387 609 415 me
641 375 825 417 uoluerit
854 375 993 417 facere
1032 376 1164 418 deus?
1208 376 1394 430 loquitur
1435 378 1653 420 sanctissi—

149 456 241 485 mus
284 445 486 497 propheta
528 444 725 486 Ieremias
766 443 919 486 dixisse
959 445 1014 486 ad
1051 458 1095 487 se
1129 445 1274 487 deum:
1325 450 1361 487 et
1400 449 1445 487 tu
1485 447 1656 502 accinqe

150 512 308 554 lumbos
340 516 428 554 tuos
459 516 494 554 et
524 526 648 567 surqe
676 516 714 554 et
743 513 812 556 dic
841 515 987 555 omnia
1017 528 1300 568 quaecumque
1329 515 1540 557 mandaui
1565 516 1655 571 tibi,

148 584 188 622 et
216 595 268 623 ne
298 583 447 624 timeas
478 595 506 623 a
536 582 646 634 facie
676 595 819 624 eorum
849 596 922 624 nec
952 583 1152 636 formides
1182 585 1229 625 in
1260 587 1477 638 conspectu
1499 598 1653 627 eorum.

114 665 130 690 ε
149 663 243 691 cum
275 650 377 692 haec
410 651 471 691 ita
502 651 586 692 sint
618 651 659 692 et
690 664 764 693 nos
797 652 946 706 urgeat
976 653 1207 695 necessitas
1239 653 1365 696 officii
1389 654 1507 696 nobis
1531 667 1555 695 a
1577 654 1654 696 deo

148 719 336 772 inpositi,
384 722 431 760 ut
463 720 581 761 uobis
614 721 835 774 agentibus
876 721 1066 763 dicamus
1099 734 1388 776 quaecumque
1419 723 1538 765 uobis
1573 723 1656 764 dici

149 788 318 829 iusserit
349 788 465 833 deus.
500 790 689 842 superest
718 791 766 831 ut
797 791 869 831 aut
901 791 1099 833 oboedias
1133 792 1199 833 dei
1231 793 1442 834 mandatis
1471 805 1656 834 conuen-

148 858 216 898 tus
257 869 281 898 a
315 870 382 898 me
420 858 550 911 ipsius
593 858 842 900 elementiae
881 872 1002 902 seruo
1043 873 1089 902 ac
1131 860 1349 903 sacerdote
1398 862 1470 903 aut
1507 863 1656 915 probes

150 926 201 968 de
244 927 461 980 scripturis
503 928 654 972 sacris.
700 928 891 970 fortassis
935 930 1033 983 quia
1063 942 1135 970 rex
1167 931 1243 975 sis.
1292 930 1402 984 quod
1436 931 1544 972 enim
1577 944 1655 973 non

98 1007 130 1032 10
147 996 277 1037 liceat
306 997 406 1038 mihi
440 997 481 1038 te
512 997 553 1038 in
587 998 750 1038 nomine
783 998 939 1040 domini
972 999 1194 1041 conuenire
1226 1000 1273 1041 ut
1303 1000 1436 1042 temet
1457 1000 1654 1053 corrigas.

150 1065 183 1106 si
215 1066 390 1118 probare
422 1077 501 1106 non
533 1066 689 1119 poteris
721 1067 822 1108 mihi
863 1068 1141 1122 prohibitum,
1190 1069 1265 1111 sed
1302 1069 1488 1110 inuenire
1521 1069 1656 1122 magis

148 1134 321 1187 incipies
352 1136 453 1177 mihi
484 1137 778 1190 praeceptum.
825 1138 872 1178 ut
902 1139 944 1178 te
978 1151 1151 1193 arguam
1185 1139 1226 1179 et
1266 1138 1476 1191 increpem
1510 1138 1552 1178 et
1583 1150 1656 1178 ex-

148 1203 288 1244 horter
330 1205 371 1244 et
417 1203 615 1258 deprecer
655 1206 697 1246 et
740 1205 987 1248 admoneam
1036 1208 1159 1260 atque
1206 1219 1429 1260 prouocem
1479 1206 1530 1247 ad
1579 1205 1656 1247 deo

148 1272 412 1326 placendum.
446 1286 518 1314 eur
549 1287 616 1315 me
650 1274 754 1316 dicis
784 1275 860 1316 tibi
894 1275 1032 1317 facere
1064 1276 1392 1317 contumeliam?
1425 1288 1472 1317 eo
1503 1275 1656 1316 etenim

98 1352 129 1376 15
150 1353 280 1394 usque
322 1342 439 1383 nobis
483 1343 742 1385 antistitibus
783 1344 868 1385 suis
910 1344 1028 1386 dedit
1063 1345 1315 1398 potestatem
1350 1344 1402 1386 ad
1434 1357 1509 1386 uos
1540 1344 1658 1386 nobis

150 1411 395 1452 commissos
426 1411 702 1466 increpandos
725 1413 949 1465 docendos,
983 1414 1030 1455 ut
1053 1414 1224 1456 dixerit:
1257 1428 1308 1456 ne
1328 1415 1480 1455 timeas
1500 1427 1528 1455 a
1548 1413 1659 1466 facie

149 1493 303 1535 eorum,
337 1493 388 1521 ne
418 1481 619 1534 formides
649 1482 698 1523 in
729 1488 946 1536 conspectu
977 1496 1131 1525 eorum.
1177 1496 1264 1525 ecce
1290 1483 1415 1537 posui
1437 1485 1474 1525 te
1505 1482 1552 1523 in
1581 1481 1654 1523 ho-

149 1548 301 1589 dierna
334 1549 402 1590 die
431 1550 541 1591 sicut
571 1551 786 1593 ciuitatem
817 1552 1037 1605 firmatam
1069 1555 1108 1594 et
1136 1553 1243 1594 sieut
1279 1565 1450 1593 murum
1489 1564 1660 1593 aereum

148 1617 320 1669 firmum
360 1618 551 1660 omnibus
589 1620 752 1674 reqibus
791 1619 909 1662 Iuda
946 1623 982 1662 et
1026 1621 1296 1673 principibus
1339 1621 1429 1661 eius
1467 1623 1505 1661 et
1543 1619 1660 1673 plebi

99 1689 298 1731 zoterrae.
351 1690 388 1728 et
420 1687 676 1741 pugnabunt
706 1689 763 1730 ad
795 1692 851 1742 te,
898 1692 935 1731 et
976 1703 1063 1731 non
1097 1693 1303 1743 poterunt
1341 1689 1569 1731 aduersum
1605 1691 1655 1743 te,

149 1755 253 1807 quia
284 1769 353 1809 eqo
384 1759 515 1798 tecum
546 1770 650 1809 sum,
683 1761 730 1799 ut
761 1758 927 1800 liberem
958 1761 1008 1814 te,
1042 1759 1145 1799 dicit
1175 1759 1382 1800 dominns.
1421 1771 1528 1812 quae
1562 1759 1658 1800 sunt

151 1837 257 1878 quae
291 1825 459 1867 dicebat
489 1826 727 1868 Hieremias
757 1827 927 1881 regibus
960 1827 1066 1868 Iuda
1105 1828 1146 1868 et
1185 1827 1442 1880 principibus
1484 1828 1573 1869 eius
1617 1829 1658 1869 et

150 1893 341 1946 plebibus
371 1896 541 1937 terrae?
581 1909 729 1950 nempe
762 1897 865 1938 haec
899 1897 996 1950 quia
1030 1897 1340 1950 dereliquerunt
1372 1896 1584 1939 dominum
1617 1898 1658 1939 et

149 1963 475 2005 immolauerunt
508 1964 587 2006 diis
620 1965 778 2006 alienis.
814 1966 915 2006 haee
951 1967 992 2006 et
1022 1966 1067 2006 tu
1101 1966 1235 2007 Fecisti
1269 1978 1315 2007 ac
1350 1965 1467 2015 facis,
1501 1965 1657 2007 dereli-

100 2049 132 2074 25
152 2032 276 2084 quisti
312 2033 583 2086 apostolicam
619 2035 743 2087 atque
777 2035 1065 2088 euangelicam
1097 2035 1244 2085 fidem,
1294 2035 1515 2089 suscepisti
1554 2036 1657 2077 hae-

151 2113 287 2143 resem
319 2102 562 2146 Arrianam.
605 2104 647 2144 et
678 2103 794 2157 cogis
827 2117 969 2146 omnes
1000 2104 1244 2146 idololatres
1275 2104 1365 2146 fieri
1399 2104 1465 2145 dei
1499 2117 1656 2146 seruos.

153 2170 250 2222 quia
282 2170 384 2213 haec
419 2171 569 2220 audes,
618 2185 746 2214 uocas
786 2174 988 2227 superbos
1019 2174 1144 2216 saluti
1175 2175 1274 2215 tuae
1306 2174 1523 2227 cupientes
1555 2187 1656 2215 con-

155 2239 322 2281 sultum.
377 2240 480 2281 dicit
511 2241 614 2282 deus
644 2242 906 2284 Hieremiae:
954 2247 991 2284 et
1024 2247 1066 2285 tu
1099 2245 1269 2298 accinqe
1308 2232 1467 2285 lumbos
1497 2246 1590 2285 tuos
1622 2246 1659 2284 et

152 2320 335 2362 exsur9e‚
368 2312 407 2350 et
436 2310 503 2351 dic
534 2311 679 2352 omnia
709 2325 991 2365 quaecumque
1018 2312 1109 2355 dico
1131 2312 1219 2354 tibi.
1253 2313 1476 2354 netimeas
1498 2326 1525 2353 a
1546 2312 1659 2365 facie

101 2391 134 2416 so
153 2391 296 2418 eorum
326 2391 398 2419 nec
429 2379 630 2431 formides
660 2380 708 2421 in
739 2383 956 2434 conspectu
995 2394 1146 2422 corum.
1201 2381 1243 2423 et
1274 2380 1545 2423 Constantius
1574 2379 1658 2421 im-

154 2447 319 2499 perator
358 2447 589 2501 indignaris
629 2461 703 2489 cur
747 2448 822 2490 tibi
871 2449 1024 2491 erranti
1073 2449 1286 2491 dicamus:
1333 2450 1423 2491 redi
1453 2449 1510 2490 ad
1540 2449 1660 2491 uiam

291 2595 313 2629 2
336 2596 430 2630 Hier.
458 2598 489 2637 1,
517 2597 558 2631 17
655 2598 697 2632 ie
724 2597 817 2632 Hier.
845 2599 875 2635 1.
905 2587 1039 2632 17-19'
1133 2598 1177 2632 28
1203 2598 1250 2634 ib.
1277 2599 1308 2639 1,
1336 2599 1378 2632 17

225 2744 243 2776 7
270 2746 330 2778 aut
355 2748 393 2778 ut
421 2757 437 2778 e
576 2746 597 2779 9
630 2728 726 2781 non(u
754 2758 797 2779 m.
824 2746 904 2788 alt.)
1048 2745 1084 2778 11
1121 2745 1250 2789 poteris
1282 2746 1319 2779 in
1351 2747 1451 2790 potes
1476 2756 1568 2780 corr.

157 2802 198 2835 17
224 2812 286 2836 nec
312 2802 400 2844 fort.
424 2806 467 2837 ut
494 2803 516 2837 l.
542 2806 561 2836 4
588 2807 621 2837 e!
647 2806 694 2836 30
832 2802 876 2836 22
902 2802 1001 2836 iudas
1026 2814 1068 2836 m.
1097 2806 1114 2836 1
1255 2802 1298 2836 23
1323 2801 1573 2847 dereliquirunt

157 2869 199 2903 24
225 2869 463 2915 derelinquisti
559 2871 602 2904 25
626 2849 802 2905 haeresem
897 2870 941 2904 26
965 2870 1170 2905 idololatras
1197 2883 1215 2905 v
1309 2871 1351 2906 27
1377 2872 1554 2917 copientes
1580 2883 1623 2906 m.
1646 2875 1660 2905 1
