1934 3278
1655 256 1703 288 XI

193 370 263 420 48,
294 369 351 411 29
382 382 476 411 cnm
506 369 658 411 uideas
686 370 725 410 et
754 367 1012 410 Hieroboam
1040 368 1117 410 diu
1146 379 1355 421 reqnasse,
1394 368 1467 410 sed
1495 371 1532 410 et
1562 369 1703 422 filicem

196 438 442 480 Salomonis
489 437 539 479 in
588 437 728 479 eodem
776 435 1025 489 defunctam
1069 435 1228 490 scelere,
1279 436 1379 478 item
1423 437 1513 478 eius
1563 436 1702 491 filiam

196 507 340 549 Abina
367 532 424 539 —
454 510 492 548 et
538 509 678 548 tamen
719 505 884 558 fuerint
928 506 977 546 in
1021 518 1148 560 reyno
1186 508 1224 547 et
1253 505 1411 546 mortui
1454 506 1548 547 sint
1575 506 1624 547 in
1653 518 1703 548 ea

196 576 403 630 (liqnitate
433 578 473 617 et
503 574 761 617 tradiderint
788 573 895 628 siliis
928 574 1019 616 sais
1049 574 1343 616 auctoritatem
1373 574 1505 627 reqni,
1547 573 1616 624 98,
1651 576 1700 616 ll

195 644 366 697 quando
408 644 556 686 uideas
598 643 788 697 potuisse
826 642 884 684 ad
922 642 1108 695 petitam
1139 641 1292 684 Heliae
1330 643 1525 695 extinqui
1558 642 1703 685 Achab

196 715 232 753 ct
282 712 469 765 Iezabel,
522 715 558 754 et
610 714 750 754 tamen
797 710 961 765 fuerint
1009 711 1227 754 reseruati.
1282 710 1701 753 animaduertendum

196 783 337 822 tamen
369 781 434 822 est
463 781 566 823 haec
600 779 789 833 exempla
818 779 860 821 in
889 779 1095 834 prioribus
1123 778 1306 821 Luciferi
1338 779 1562 833 opusculis,
1595 792 1703 833 quae

199 849 318 902 plura
350 848 527 891 durioris
560 849 762 891 sermonis
793 848 951 890 indicia
975 848 1189 902 praebent,
1221 847 1411 897 inueniri,
1445 860 1573 901 quare
1603 849 1702 897 212,

197 917 247 959 31
292 918 334 959 in
372 917 514 959 libello
555 917 796 971 posterioris
831 917 1032 970 temporis
1069 917 1239 970 qnando
1270 917 1418 958 uideas
1448 942 1504 949 —-
1541 917 1696 973 (quod)

197 987 256 1028 sic
302 986 510 1033 uoculam,
559 998 665 1039 quae
710 986 807 1039 post
851 986 1031 1038 aurique
1076 984 1200 1027 facile
1241 984 1469 1035 intercidit,
1515 985 1702 1028 inserere

199 1066 325 1097 ausus
342 1067 447 1096 sum.
485 1054 744 1107 eandemque
767 1065 892 1108 aegre
912 1054 1010 1104 221,
1038 1055 1088 1096 13
1111 1053 1348 1096 desideres:
1387 1053 1487 1096 hinc
1501 1054 1705 1108 petulans

199 1123 314 1177 (add.
347 1137 440 1166 sum
469 1124 540 1165 uel
570 1125 686 1176 sim),
719 1124 821 1177 quia
843 1126 880 1165 te
899 1137 1073 1178 uryeam
1093 1123 1381 1176 elephantiam
1400 1124 1554 1165 reicere
1577 1124 1704 1165 Arrii

198 1196 321 1246 atque
347 1192 504 1249 (quod)
531 1218 586 1224 -—
610 1196 706 1234 tuae
735 1193 865 1234 menti
895 1205 938 1234 es
968 1193 1146 1245 adeptas
1169 1193 1413 1245 sospitatem
1435 1195 1549 1245 teque
1570 1195 1704 1234 totum

198 1266 382 1315 ereptum
414 1277 434 1304 e
465 1262 626 1316 laqueis
669 1261 843 1313 diaboli,
886 1264 1007 1303 temet
1051 1262 1100 1303 in
1146 1264 1362 1303 aeternum
1406 1261 1595 1315 qaudeas
1631 1261 1704 1302 oleo

198 1332 447 1384 quaesitum,
480 1331 505 1372 i.
540 1344 574 1373 e.
599 1331 697 1385 quia
728 1331 771 1373 te
802 1342 990 1385 urgeam,
1022 1331 1070 1372 ut
1098 1330 1251 1372 reicias
1272 1330 1325 1372 et
1355 1329 1557 1383 gaudeas,
1591 1330 1704 1383 quod

199 1399 376 1453 adeptus
408 1412 452 1441 es
484 1400 729 1453 sospitatem
762 1400 888 1454 atque
921 1400 1089 1453 ereptus
1122 1399 1283 1452 deoque
1316 1398 1531 1452 quaesitus
1563 1411 1620 1440 es.
1669 1399 1704 1441 si

199 1469 307 1510 cuim
354 1468 544 1511 uariandi
590 1469 788 1518 studium,
834 1469 902 1510 cui
944 1469 1021 1510 hoc
1066 1468 1160 1510 loco
1206 1467 1270 1510 bis
1313 1467 1489 1520 scriptor
1528 1466 1706 1509 indulsit

199 1539 390 1591 (arqeam
439 1539 592 1579 reicere
641 1541 766 1591 atque
812 1539 1001 1592 qandeas
1047 1538 1090 1579 et
1133 1537 1243 1591 qaod
1287 1550 1327 1579 es
1367 1537 1544 1590 adeptus
1591 1540 1706 1590 teque

198 1608 401 1659 ereptum)
437 1606 815 1661 asyndetorumque
853 1606 1144 1659 frequentiam,
1186 1617 1293 1659 quae
1326 1605 1438 1647 omni
1468 1605 1703 1659 perspicui-

197 1679 300 1721 tatis
321 1692 422 1721 cura
444 1681 598 1722 omissa
618 1681 691 1722 ille
715 1681 893 1722 libenter
915 1680 1113 1730 admittit,
1135 1680 1381 1733 respexeris,
1414 1681 1526 1733 quod
1550 1679 1705 1721 addere

199 1765 323 1807 quam
355 1754 489 1811 es(se)
528 1755 722 1808 adeptum
757 1758 832 1809 (sc.
858 1755 920 1806 te)
955 1754 1137 1796 scribere
1167 1753 1380 1807 praeferes
1413 1767 1547 1810 neque
1579 1767 1704 1809 prae-

196 1823 315 1864 terea
360 1823 582 1877 quicquam
630 1824 670 1865 in
718 1823 904 1865 oratione
950 1836 1049 1865 sane
1093 1822 1299 1877 impedita
1344 1823 1617 1877 uituperabis.
1650 1849 1706 1855 —

200 1890 347 1933 eadem
395 1904 523 1934 causa
568 1893 606 1933 si
653 1892 751 1933 addi
798 1904 968 1934 necesse
1010 1892 1073 1934 est
1103 1892 1200 1941 255,
1234 1892 1288 1934 28
1323 1892 1411 1948 (si)
1445 1892 1570 1934 illam
1600 1906 1706 1934 uera

197 1959 400 2002 dicentem
431 1961 601 2014 neqabis
631 1960 869 2014 superbum,
901 1974 975 2003 nec
1006 1974 1069 2002 me
1092 1960 1208 2002 debes
1240 1960 1431 2003 'iudicare
1462 1961 1705 2003 insolentem

201 2027 243 2069 et
272 2027 369 2077 280,
405 2030 458 2070 10
497 2029 670 2071 mentiri
715 2033 753 2071 te
800 2042 1052 2083 coynoscere‚
1106 2028 1190 2085 (si)
1228 2028 1395 2083 aliquid
1438 2029 1623 2072 hominis
1666 2043 1706 2071 es

197 2099 376 2150 qestans,
418 2099 590 2150 poteris,
637 2097 747 2152 quod
793 2111 890 2140 num
929 2099 1026 2149 215,
1058 2099 1086 2141 5
1123 2097 1206 2155 (si)
1244 2098 1392 2140 Achai·
1421 2123 1476 2129 -
1508 2099 1617 2140 talia
1648 2102 1705 2140 est

201 2168 452 2215 consecutus,
494 2170 539 2207 tu
581 2166 731 2220 qualia
771 2167 957 2215 mereris,
1000 2166 1097 2208 hinc
1138 2166 1327 2220 intelleqi
1368 2166 1499 2208 datur
1540 2179 1703 2220 quoque

203 2231 301 2274 addi
327 2245 498 2276 necesse
521 2235 588 2284 sit,
621 2235 661 2276 in
683 2233 822 2276 medio
853 2235 1150 2289 relinquemus.
1175 2260 1229 2265 -
1252 2235 1418 2288 saepius
1449 2235 1703 2288 pronomini-

200 2301 278 2342 bus
310 2315 374 2343 me
405 2305 441 2343 te
471 2315 512 2344 se
546 2303 700 2345 additis
743 2304 1042 2346 obscuritatem
1086 2304 1288 2346 sermonis
1327 2316 1547 2345 remoueas
1587 2303 1705 2345 uelut

204 2369 297 2420 153,
331 2370 356 2412 8
398 2371 506 2412 dicis
546 2373 729 2424 requiem
767 2372 875 2428 (me)
912 2376 1129 2414 aeternam
1167 2385 1469 2425 possessurum,
1521 2372 1617 2417 248,
1650 2373 1702 2414 31

200 2441 247 2478 ta
276 2440 350 2491 qai
379 2439 501 2493 dicis,
533 2441 635 2492 qaia
665 2453 771 2481 uera
799 2441 954 2494 (licam,
987 2441 1095 2498 (me)
1122 2441 1358 2494 superbam,
1391 2455 1513 2493 quem
1543 2453 1606 2482 mc
1636 2443 1706 2482 ais

199 2506 407 2559 inueniri,
459 2507 556 2562 289,
588 2509 615 2549 5
655 2508 723 2549 his
760 2508 842 2550 illa
883 2510 1039 2563 inyeris
1085 2510 1203 2551 mala
1246 2510 1320 2561 qui
1363 2509 1444 2564 (te)
1490 2512 1704 2550 aeternam

200 2575 395 2628 cupimus
425 2577 617 2629 consequi
648 2576 945 2618 beatitudinem
980 2579 1050 2631 (cf.
1077 2578 1170 2621 130.
1195 2577 1250 2618 26
1280 2579 1469 2629 conspice
1501 2581 1537 2618 te
1567 2577 1703 2619 homi-

201 2643 321 2685 cidas
350 2647 388 2685 et
411 2645 638 2699 saerileqos
658 2657 735 2687 nos
754 2646 916 2698 efficere
935 2645 1131 2692 uoluisse,
1165 2645 1234 2686 ubi
1266 2649 1302 2688 te
1333 2658 1380 2687 ex
1412 2649 1449 2686 et
1480 2645 1593 2697 fecii).
1626 2646 1704 2687 nisi

202 2712 411 2753 certorum
444 2713 725 2767 exemplorum
758 2712 1027 2755 multitudine
1052 2714 1296 2767 pronomina
1316 2713 1553 2755 Luciferum
1577 2714 1700 2755 etiam

203 2778 346 2820 durius
378 2781 571 2823 omittere
604 2781 738 2823 solere
769 2781 935 2824 noueris
968 2781 1039 2835 (cf.
1065 2781 1149 2823 ind.
1172 2795 1210 2835 p.
1233 2782 1349 2824 360=.
1383 2793 1511 2835 quare
1541 2793 1701 2825 uereor.

205 2859 256 2889 ne
285 2848 354 2897 67,
390 2849 445 2890 15
473 2861 541 2891 me
585 2850 756 2891 alterius
796 2862 944 2891 manus
985 2851 1224 2892 correctura
1262 2850 1303 2891 in
1346 2862 1527 2891 errorem
1563 2850 1703 2891 induci
