1934 3278
262 318 318 359 60
908 311 1106 346 Luciferi

258 441 372 494 facie
403 440 505 483 eius.
567 451 662 479 cum
683 438 811 492 igitur
831 438 878 478 tu
906 437 1032 479 dicis:
1065 437 1161 478 bene
1181 436 1364 489 facimus
1388 436 1529 477 tollere
1551 436 1759 489 episcopos

260 510 355 550 illos
393 509 467 561 qui
507 509 758 561 confitentur
798 519 838 548 se
870 510 1006 547 tenere
1043 506 1169 558 fidem
1199 505 1315 557 apud
1349 505 1524 546 Niciam
1555 505 1758 557 scriptam

259 581 295 619 et
328 579 573 619 constituere
605 590 666 618 eos
698 577 771 629 qui
804 575 1092 629 confiteantur,
1125 575 1253 616 sicuti
1278 574 1551 626 confitebatur
1574 574 1756 622 Arriu83

262 647 303 688 et
333 646 396 687 illi
430 646 595 687 dicunt:
646 648 748 686 recte
787 645 929 696 utique
969 647 1014 685 tu
1053 657 1092 685 es
1115 646 1313 696 peccator
1351 643 1422 684 ille
1460 643 1532 695 qui
1564 641 1759 684 laudaris

259 716 415 756 iniuste
437 728 519 768 pro
550 714 770 757 desideriis
801 714 972 754 animae
993 715 1111 763 tuae‚·
1143 715 1178 753 et
1201 715 1245 753 tu
1267 725 1306 753 es
1331 712 1514 764 iniquus,
1547 712 1633 764 qui,
1667 723 1759 752 cum
1795 716 1812 741 ὅ

259 785 317 825 sis
349 784 566 825 derelictus
589 796 670 836 pro
702 782 971 834 blasphemiis
997 782 1081 823 tuis
1113 795 1140 822 a
1171 781 1255 834 dea
1299 784 1439 822 tamen
1482 793 1574 821 cum
1606 780 1758 821 adula-

258 853 418 894 toribus
464 853 547 893 tuis
592 852 870 905 quodcumque
907 850 1120 902 delinquis
1167 864 1252 891 non
1297 849 1648 903 reprehendatur,
1689 848 1758 889 sed

259 920 397 972 mayis
427 920 597 961 dicatur
627 919 724 960 bene
756 921 790 959 tc
821 931 954 971 (iocre.
988 929 1083 957 euni
1111 917 1235 958 dieis:
1268 917 1364 958 bene
1386 918 1466 969 feci
1489 920 1546 958 ad
1566 917 1757 958 Alexan-

261 987 403 1028 driam
443 989 602 1029 mittere
642 987 816 1028 militem
855 987 911 1028 ad
948 987 1221 1039 auferendum
1260 986 1566 1039 Athanasium,
1615 985 1655 1026 et
1694 985 1757 1026 illi

258 1055 494 1097 rectissime
529 1056 694 1098 dieunt:
737 1061 782 1097 tu
813 1058 881 1098 cui
913 1055 1211 1108 conparandus
1241 1056 1335 1107 eris,
1368 1055 1455 1096 nisi
1485 1055 1554 1096 illi
1585 1055 1657 1107 qui
1682 1067 1760 1106 per
1780 1058 1812 1083 10

251 1125 639 1179 psalmographum
678 1129 853 1167 notatur
893 1140 919 1166 a
957 1126 1112 1177 spiritu
1152 1127 1320 1177 sancto,
1370 1125 1478 1178 quod
1509 1125 1633 1176 enim,
1666 1136 1759 1164 cum

258 1198 374 1246 μοναί
405 1195 571 1248 iniqua,
605 1209 697 1236 cnm
728 1196 781 1236 sit
808 1196 1017 1247 pessimus
1047 1198 1083 1235 et
1115 1193 1372 1246 execrabilis,
1416 1197 1556 1234 tamen
1589 1192 1760 1245 cupiens

259 1262 316 1302 sit
346 1262 554 1305 laudari?
588 1263 714 1305 dieis:
747 1264 834 1305 nisi
865 1264 961 1305 bene
991 1276 1166 1317 ayemm,
1200 1276 1286 1304 non
1319 1262 1454 1304 adhuc
1476 1262 1583 1303 mihi
1612 1275 1759 1314 peper-

258 1330 380 1372 cisset
409 1332 532 1384 deus:
565 1334 605 1374 et
636 1333 803 1374 inuenio
838 1332 996 1373 dictum
1030 1332 1083 1373 ad
1116 1332 1260 1381 deum3
1288 1334 1514 1384 propterea
1545 1331 1654 1383 quod
1685 1330 1758 1371 lios

258 1400 330 1453 qui
356 1402 595 1442 eaerrarint
621 1402 819 1454 partibus
850 1402 1044 1454 corripis,
1079 1404 1115 1442 et
1145 1415 1210 1443 eos
1241 1402 1314 1454 qui
1328 1403 1508 1454 peccant
1531 1400 1758 1441 admonens
1779 1406 1812 1431 15

258 1469 511 1522 adloqueris,
551 1473 600 1510 ut
619 1470 817 1511 derelicta
839 1470 1011 1511 malitia
1033 1471 1206 1512 credant
1228 1470 1275 1510 in
1300 1472 1346 1523 te,
1381 1470 1558 1510 domine.
1606 1471 1641 1509 et
1663 1468 1760 1509 illos

258 1538 370 1578 enim
401 1539 599 1591 antiquos
632 1539 935 1580 inhabitatores
966 1542 1103 1580 terrae
1135 1541 1230 1579 tuae
1261 1539 1416 1588 odiens,
1448 1538 1650 1591 quoniam
1672 1537 1759 1578 odi-

259 1606 365 1647 bilia
396 1607 473 1648 tibi
503 1621 629 1660 opera
661 1608 875 1661 faciebant
897 1621 979 1661 per
1009 1608 1295 1649 medicamina
1326 1610 1363 1648 et
1388 1609 1658 1648 sacramenta
1688 1605 1759 1646 in-

258 1675 385 1727 iusta,
420 1679 456 1717 et
486 1677 676 1729 filiorum
707 1680 917 1718 necatores
947 1678 1038 1718 sine
1070 1676 1361 1718 misericordia
1392 1676 1569 1717 uoluisti
1585 1675 1759 1728 perdere

253 1758 331 1798 per
362 1759 517 1786 manus
540 1749 773 1798 parentum
805 1749 1057 1798 nostrorum,
1095 1749 1141 1786 ut
1181 1746 1360 1800 diynam
1395 1745 1610 1797 pereipiat
1646 1757 1758 1796 pere·
1779 1748 1813 1774 2⁰

256 1814 541 1867 yrinationem
570 1814 756 1868 filiorum
787 1815 854 1856 dei
885 1828 990 1867 quae
1023 1815 1098 1855 tibi
1129 1815 1318 1855 omnium
1357 1814 1498 1855 carior
1537 1817 1595 1854 est
1627 1816 1753 1854 terra.

258 1883 328 1924 sed
358 1885 397 1923 et
416 1883 482 1924 liis
505 1886 722 1936 tamquam
744 1884 980 1925 hominibus
999 1884 1219 1936 pepercisti
1245 1886 1283 1924 et
1303 1883 1458 1923 misisti
1484 1885 1759 1924 antecessores

258 1952 462 1993 eoeercitus
492 1965 658 2005 uespas,
699 1955 747 1993 ut
782 1953 879 1994 illos
902 1953 1104 2005 partibus
1143 1952 1490 1994 exterminarent.
1550 1950 1758 2004 numquid

257 2021 451 2073 inpotens
491 2033 585 2062 eras
623 2021 877 2074 inpuynam,
923 2021 1078 2074 impios
1116 2022 1241 2062 iustis
1282 2020 1465 2062 subicere
1503 2024 1579 2062 aut
1619 2021 1759 2062 bestiis

256 2090 521 2131 saeuissimis
537 2093 610 2130 aut
635 2090 753 2132 uerbo
769 2091 875 2132 duro
893 2090 1019 2131 simul
1031 2090 1239 2143 perdere?
1260 2090 1330 2131 sed
1345 2090 1538 2141 partibus
1559 2090 1756 2131 iudicans
1778 2095 1810 2120 25

256 2159 390 2200 dabas
422 2160 555 2201 locum
575 2161 879 2212 paenitentiae,
911 2174 996 2201 non
1027 2160 1235 2213 iynorans
1266 2160 1466 2212 quoniam
1498 2172 1678 2212 nequam
1701 2164 1758 2200 est

256 2229 376 2269 natio
422 2241 563 2269 eorum
603 2232 639 2269 et
679 2229 896 2271 naturalis
935 2229 1109 2270 malitia
1147 2228 1319 2270 illorum
1358 2232 1396 2270 et
1433 2229 1632 2281 quoniam
1671 2241 1758 2270 non

251 2300 420 2350 poterat
451 2299 611 2338 mutari
631 2299 828 2352 coyitatio
852 2299 1024 2341 illorum
1046 2300 1095 2339 in
1112 2301 1340 2350 perpetuo;
1369 2312 1508 2340 semen
1528 2298 1640 2339 enim
1665 2298 1758 2338 erat

256 2366 527 2407 maledictum
563 2366 614 2407 ab
645 2368 770 2409 initio
802 2381 875 2409 nec
907 2368 1057 2408 timens
1089 2366 1272 2419 aliquem
1302 2368 1474 2408 ueniam
1505 2366 1638 2407 dabas
1664 2378 1756 2418 pec-

257 2435 367 2475 catis
388 2449 541 2478 eorum.
588 2437 682 2488 quis
703 2437 815 2477 enim
837 2437 941 2478 dicet
962 2437 1064 2478 tibi:
1095 2437 1197 2489 quid
1217 2437 1387 2490 fecisti?
1419 2439 1494 2477 aut
1514 2436 1609 2489 quis
1629 2435 1757 2476 stabit
1776 2435 1810 2461 3⁰

257 2506 404 2544 contra
433 2505 639 2546 iudicium
670 2506 824 2546 tuum?

396 2595 437 2628 14
463 2595 541 2640 Sap.
569 2596 621 2637 12,
649 2597 760 2631 2—12

325 2688 345 2719 4
370 2690 484 2721 rectae
579 2690 598 2721 5
624 2690 774 2724 iniustae
868 2691 888 2724 6
914 2689 1152 2725 adolatoribus
1248 2690 1266 2723 7
1293 2669 1440 2734 deliffluis
1536 2689 1575 2723 11
1604 2690 1752 2733 psalmo—

256 2744 392 2789 grafum
511 2745 551 2778 13
577 2746 719 2780 laudare
839 2748 879 2781 15
906 2748 1141 2791 exers‘ssrarint
1172 2748 1210 2787 V,
1238 2747 1429 2780 execrarint
1455 2758 1474 2780 v
1597 2746 1755 2791 partibus

259 2802 290 2836 T
290 2802 378 2835 ilius
406 2802 443 2835 in
469 2806 554 2845 not„
581 2804 737 2846 patribus
762 2806 811 2839 Vi·
907 2805 948 2838 16
967 2805 1185 2849 adloquaeris
1280 2803 1426 2837 militiae
1521 2803 1564 2836 20
1588 2804 1757 2848 percipiat

257 2860 404 2903 scripsi,
431 2860 623 2904 percipiant
655 2862 703 2896 Vv
843 2863 1141 2906 peregrinationes
1172 2862 1220 2905 V;
1253 2872 1314 2895 em.
1346 2861 1377 2894 T
1377 2860 1465 2894 ilius
1500 2860 1539 2894 in
1565 2862 1664 2895 notis

256 2916 299 2950 29
327 2916 476 2959 aliquam
501 2928 521 2951 v
614 2917 657 2951 30
684 2920 743 2952 aut
770 2919 844 2962 quis
870 2931 901 2959 v,
928 2920 989 2953 aut
1016 2919 1073 2963 qui
1103 2921 1136 2953 V
