1934 3278
607 236 660 270 De
686 238 807 270 sancto
831 236 1026 270 Athanasio
1052 236 1141 271 liber
1164 237 1190 272 I.
1597 240 1648 280 87

149 363 352 415 populum
380 362 607 403 nostrum?
665 364 704 402 et
739 362 911 402 mittunt
951 365 987 403 et
1027 366 1260 404 commeant
1298 363 1462 416 reyulos
1493 363 1649 404 alieni-

149 444 354 484 §enarum
383 433 420 471 et
449 430 674 472 dixerunt:
703 430 903 471 remittite
923 443 1069 471 arcam
1098 430 1166 472 dei
1187 430 1335 479 Israel,
1366 434 1403 471 et
1423 431 1651 473 reducatur

151 499 200 540 in
229 498 362 541 locum
393 512 529 553 suum,
561 501 598 540 et
627 511 714 540 nort
744 498 871 540 morti
901 498 1019 540 dabit
1049 511 1126 540 nos
1155 501 1194 540 et
1218 498 1426 551 populum
1446 502 1650 550 nostrum,

150 568 253 621 quia
283 569 380 609 acta
410 569 470 609 est
499 567 687 620 confusio
720 567 872 620 grauis
908 571 957 608 in
988 568 1162 609 ciuitate
1191 570 1290 620 tota,
1327 568 1480 622 yrauis
1509 568 1648 617 ualde,

118 645 134 669 ὁ
150 638 198 677 ut
226 636 410 677 intrauit
441 648 544 678 arca
572 636 640 677 dei
673 635 742 678 ibi.
774 636 906 688 etqui
936 636 1140 677 uiuebant
1167 639 1204 677 et
1232 649 1319 677 rimi
1356 639 1456 678 sunt
1493 637 1650 677 mertui

143 704 334 756 percussi
365 707 465 745 sunt
496 703 661 745 sedibus
690 704 793 753 suis,
825 706 862 745 et
883 704 1068 745 ascendit
1100 703 1258 746 clamor
1277 704 1501 746 ciuitatum
1521 717 1651 757 usque

150 771 206 812 ad
247 771 424 814 eaelum.
482 771 625 815 uides,
674 771 914 819 Constanti,
964 772 1170 824 quomodo
1217 772 1327 813 sinat
1366 771 1470 813 deus
1511 773 1650 813 noster

150 839 410 882 humiliatam
440 839 576 881 uideri
607 839 852 893 religionem
885 852 1002 881 suam
1046 852 1070 880 a
1098 840 1219 882 uobis
1252 840 1496 893 alienigenis
1529 840 1570 881 et
1602 852 1649 880 eo

149 908 317 962 quidem
340 920 471 961 usque
493 907 770 954 humiliatam,
804 907 932 949 donec
968 908 1094 949 etiam
1116 921 1192 950 uos
1213 909 1502 962 persecutores
1524 920 1649 949 uerae

99 984 131 1009 ¹0
147 976 358 1029 religionis
389 975 572 1017 uideatis
603 988 680 1016 non
705 988 796 1017 esse
820 975 945 1017 deum
967 976 1094 1017 alium
1116 977 1280 1029 praeter
1303 976 1425 1017 deum
1449 977 1648 1017 nostrum.

204 1045 320 1086 XIII.
355 1044 439 1086 Sed
469 1045 517 1085 ut
546 1044 697 1085 iterum
721 1043 774 1084 ad
794 1043 1014 1086 Athanasii
1036 1044 1206 1086 redeam
1230 1057 1414 1088 causam.
1448 1043 1648 1097 numquid

148 1126 226 1154 non
260 1113 423 1154 sciebas
455 1112 654 1165 scriptum
695 1112 734 1153 in
768 1113 1006 1165 Regnorum
1043 1113 1150 1154 libro
1182 1113 1334 1166 primo:
1381 1116 1420 1154 et
1449 1112 1651 1155 Samuhel

147 1182 361 1223 iudicabat
390 1181 602 1234 populum
639 1180 779 1222 Israel
818 1181 867 1222 in
904 1182 1096 1223 omnibus
1135 1181 1563 1235 sanctificationibus,
1602 1182 1651 1222 ut

147 1249 436 1303 imperandum
467 1249 636 1302 putares
667 1262 741 1302 per
773 1249 928 1291 domini
951 1250 1193 1292 sacerdotes
1216 1250 1342 1291 fuisse
1367 1249 1647 1291 damnandum

96 1334 128 1358 1⁵
146 1319 438 1360 innocentem?
488 1317 630 1371 legisti
672 1317 871 1359 Samuhel
919 1318 1029 1372 quod
1079 1319 1120 1359 in
1167 1319 1276 1360 omni
1318 1318 1648 1360 sanctificatione

144 1387 343 1428 iudicarit
373 1386 568 1439 populum
603 1386 692 1430 dei:
725 1387 767 1427 et
798 1387 897 1440 quia
926 1387 1120 1428 nolumus
1143 1387 1194 1428 ab
1215 1388 1292 1428 hae
1315 1386 1514 1428 recedere
1536 1386 1649 1428 iusta

146 1455 215 1496 uia
244 1454 471 1503 iudicandi,
520 1455 774 1508 perpetimur
815 1456 1147 1509 persecutionem
1189 1468 1212 1497 a
1252 1456 1307 1496 te.
1370 1468 1446 1496 non
1479 1468 1647 1497 nouum.

144 1523 308 1576 quando
356 1523 457 1565 Saul
506 1524 749 1576 persecutus
795 1523 920 1565 fuerit
956 1524 1111 1565 iustum
1154 1523 1443 1568 Samuhelem.
1492 1536 1564 1564 cur
1612 1524 1647 1564 ei

144 1604 246 1633 uera
299 1592 472 1639 dixerit,
520 1593 563 1633 et
594 1592 762 1645 quidem
795 1605 910 1639 611111,
957 1605 1029 1646 per
1075 1605 1199 1646 quem
1249 1592 1375 1634 suerit
1420 1592 1459 1632 in
1505 1603 1646 1644 regem

93 1674 127 1699 20
145 1662 308 1707 unctus,
340 1673 413 1713 per
444 1673 567 1713 quem
601 1673 695 1702 eum
729 1661 919 1702 dominus
943 1661 995 1702 ad
1016 1662 1177 1702 tantam
1199 1661 1436 1714 prouexerit
1457 1659 1646 1713 gloriam.

144 1729 471 1781 persequebatur
503 1728 604 1770 Saul
635 1728 788 1770 domini
822 1729 1067 1782 prophetam
1091 1729 1215 1782 atque
1241 1728 1517 1771 sacerdotem.
1551 1727 1649 1780 quia

145 1809 222 1838 non
255 1809 424 1849 compos
455 1796 581 1838 fuerit
611 1797 784 1843 mentis:
818 1797 918 1839 Saul
951 1797 1134 1850 alioquin
1157 1796 1363 1850 quomodo
1387 1808 1529 1849 sospes
1550 1808 1647 1849 per-

145 1864 388 1916 sequeretur
421 1876 513 1905 eum
547 1876 671 1916 quem
694 1864 820 1905 sciret
843 1865 908 1906 dei
927 1865 1176 1914 ministrum,
1201 1865 1268 1906 dei
1288 1865 1434 1918 spiritu
1453 1864 1648 1918 plenum?

144 1932 471 1985 persequebatur
503 1944 598 1973 eum
621 1946 743 1986 quem
766 1933 919 1986 iugiter
940 1934 1108 1986 propter
1130 1933 1409 1986 persecutoris
1430 1932 1650 1984 ignorabat

92 2012 126 2037 25
143 2000 397 2053 ingemuisse
430 2000 622 2042 salutem.
673 2002 858 2054 loquitur
889 2002 930 2043 in
960 2002 1067 2043 libro
1098 2002 1230 2055 primo
1252 2002 1490 2054 Regnorum
1513 1999 1647 2052 scrip—

143 2068 239 2109 tura
260 2068 413 2110 dixisse
441 2068 653 2111 dominum
680 2070 732 2111 ad
755 2070 976 2112 Samuhel:
1003 2083 1209 2123 usquequo
1230 2070 1343 2123 luqes
1373 2072 1419 2110 tu
1440 2070 1488 2109 in
1510 2067 1648 2109 Saul?

143 2149 228 2178 eece
257 2137 416 2189 expello
446 2137 583 2187 illum,
614 2152 666 2181 ne
695 2142 836 2192 reynel
873 2152 1000 2192 super
1029 2137 1181 2180 Israel.
1240 2137 1370 2191 imple
1408 2150 1541 2179 cornu
1580 2138 1649 2176 tuo

142 2203 225 2245 oleo
253 2207 290 2245 et
319 2205 432 2255 ueni,
471 2206 640 2247 mittam
675 2209 712 2248 te
752 2207 800 2247 in
838 2206 958 2248 domo
996 2206 1108 2248 Iesse
1146 2219 1274 2263 usque
1312 2206 1361 2246 in
1391 2203 1646 2257 Bethlehem,

143 2274 341 2324 quoniam
372 2273 467 2314 uidi
496 2274 545 2314 in
573 2274 680 2327 siliis
701 2274 813 2316 Iesse
844 2274 949 2316 mihi
970 2275 1019 2315 in
1040 2288 1186 2328 reyem.
1221 2277 1259 2316 et
1287 2274 1399 2315 dixit
1419 2271 1621 2314 Samuhel
1632 2286 1645 2312 .-

280 2384 322 2418 12
346 2385 363 2419 Ι
385 2385 471 2427 Reg.
498 2386 529 2425 7,
558 2386 599 2419 16
694 2386 737 2420 26
763 2386 808 2421 ib.
837 2387 889 2425 16.
919 2388 947 2421 1.
974 2387 995 2421 2

211 2499 226 2532 1
256 2498 556 2543 aligenigenarum
662 2500 681 2532 4
709 2483 768 2544 qui
871 2501 891 2533 5
917 2500 967 2534 ibi
993 2512 1058 2535 om.
1088 2512 1105 2533 1·
1214 2501 1254 2534 16
1280 2477 1319 2534 11(-
1343 2499 1370 2542 (¹¹
1397 2511 1438 2533 m.
1465 2500 1550 2539 rec.)

142 2555 183 2589 17
210 2566 232 2589 a
253 2556 302 2600 te]
330 2558 368 2589 at
391 2555 454 2590 hoc
480 2557 567 2591 add.
597 2568 639 2591 m.
667 2568 734 2591 rec.
762 2558 815 2619 1η,Δ
826 2568 890 2602 my.
917 2561 950 2591 et
976 2569 995 2591 v
1089 2558 1131 2591 19
1156 2560 1191 2591 et
1217 2556 1353 2601 quidem
1380 2556 1527 2617 scripsi,
1552 2555 1644 2598 equi-

141 2622 219 2657 dem
243 2625 292 2657 Vv
407 2624 451 2657 20
476 2627 523 2691 aot(⁵
629 2625 824 2668 prouexerit
851 2632 877 2661 „¹
905 2638 946 2660 m.
974 2629 1055 2667 rec.)
1172 2625 1215 2659 22
1241 2608 1379 2669 comptis
1404 2624 1509 2658 fuerit
1536 2625 1644 2659 (corr.

410 2676 487 2696 quom
525 2676 540 2691 ο

140 2707 185 2731 m.
209 2698 295 2740 ree.)
407 2697 544 2742 quando
573 2701 680 2738 (corr.
708 2710 750 2731 m.
777 2698 862 2740 rec.)
979 2700 1262 2742 persequaeretur
1372 2696 1416 2731 23
1441 2674 1530 2730 scire‘
1552 2697 1574 2726 (¹
1600 2707 1642 2728 m.

139 2767 225 2807 rec.)
321 2747 395 2819 sfirn
423 2768 531 2807 (corr.
560 2777 601 2800 m.
630 2772 713 2808 rec.)
808 2765 851 2799 26
878 2747 1123 2809 1151111611υὲ11110
1151 2768 1258 2808 (corr.
1287 2771 1382 2809 m.1)
1477 2765 1519 2798 27
1546 2767 1642 2797 tuum

140 2854 160 2876 r
253 2843 298 2877 28
323 2843 498 2878 bethleem
