1934 3278
618 210 840 245 Moriendum
865 220 940 245 6886
965 221 1025 254 pro
1052 209 1107 244 dci
1133 210 1214 245 filio.
1589 209 1672 253 303

173 339 313 385 edicta
343 337 490 381 feralia
519 339 594 380 tua
623 337 890 387 resistentes,
923 349 1003 390 quo
1033 336 1168 379 minas
1200 337 1243 379 et
1273 325 1484 380 cruciatus
1517 338 1559 380 et
1587 338 1670 379 tor-

171 412 313 454 menta
342 409 442 451 fidei
472 408 617 462 uigore
648 419 721 461 per
754 406 821 448 dei
859 405 1191 448 misericordiam
1232 404 1464 457 calcemus,
1513 407 1673 460 possint

172 481 241 524 uel
270 478 411 535 gladio
441 476 641 518 inuadere
673 475 743 517 uel
774 474 1019 528 crucifigere
1051 475 1121 517 uel
1149 474 1235 528 igni
1267 475 1424 517 torrere
1466 475 1533 516 1161
1566 489 1670 529 quo-

171 549 275 591 libet
311 546 498 589 inaudito
539 557 691 599 genere
731 555 958 597 poenarum
1004 543 1170 585 uiscera
1215 543 1356 585 nostra
1397 557 1443 585 ac
1485 545 1674 587 membra

134 623 153 649 ⁵
171 617 351 666 laniare3
382 615 430 657 ut
460 614 621 657 stamus
652 625 758 655 nunc
785 625 918 666 usque
949 625 1022 666 per
1049 612 1261 654 dominum
1283 612 1501 655 inmobiles
1524 614 1672 655 staturi

172 698 348 740 semper,
390 684 425 726 si
464 683 633 737 quidem
673 694 752 723 non
789 694 863 724 nos
895 682 1024 724 simus
1056 682 1125 735 qui
1156 682 1251 724 tuos
1281 681 1494 725 frendores
1524 682 1672 723 uinca-

170 767 286 805 mus,
334 752 408 795 sed
445 752 533 806 ipse
571 752 613 793 in
652 751 770 794 nobis
803 751 921 793 cuius
954 751 1104 793 auxilio
1136 752 1333 805 regimur,
1366 751 1485 793 cuius
1517 751 1672 793 uirtute

173 834 403 866 seruamur.
439 820 619 874 quantus
652 819 760 862 enim
791 820 838 861 tu
872 833 915 862 es
948 820 1021 862 aut
1051 820 1199 874 qualis,
1231 820 1300 873 qui
1331 820 1464 873 possis
1497 820 1674 874 spoliare

172 905 245 934 nos
275 891 341 933 1118
371 889 490 932 bonis
523 901 629 943 quae
663 889 759 931 sunt
788 889 829 930 in
861 901 934 930 nos
966 889 1133 930 conlata
1174 888 1403 930 diuinitus?
1443 889 1554 942 rapis
1585 901 1673 938 nos,

121 972 154 998 ιο
176 960 352 1017 [negas,]
379 970 533 1013 egenos
554 957 671 1008 facis,
696 957 882 1007 damnas,
905 957 1051 1008 uineis,
1074 957 1173 1008 uris,
1205 957 1369 999 miseris
1392 957 1518 999 etiam
1539 957 1674 999 modis

173 1042 322 1080 necas,
372 1028 413 1070 et
450 1028 592 1068 tamen
630 1026 798 1067 uincere
832 1025 1163 1067 Christianorum
1203 1026 1405 1068 inuictam
1436 1026 1563 1068 fidem
1595 1039 1674 1068 non

172 1098 302 1140 uales.
335 1110 408 1151 per
437 1095 548 1150 quod
578 1095 823 1149 intellegere
857 1094 1038 1137 debuisti
1068 1094 1240 1146 factum,
1274 1095 1371 1148 quia
1394 1095 1436 1136 et
1456 1096 1502 1136 tu
1525 1095 1675 1138 erroris

174 1165 520 1218 crudelitatisque
551 1164 649 1206 tuae
680 1163 738 1205 818
768 1163 1013 1216 recepturus
1052 1163 1275 1217 supplicia,
1324 1164 1366 1204 et
1404 1164 1549 1205 contra
1587 1177 1673 1213 nos,

175 1234 286 1290 quod
316 1246 388 1288 per
419 1234 524 1275 hanc
556 1232 812 1285 propositam
845 1231 1138 1272 difficultatem
1165 1232 1488 1286 angustissimus
1518 1233 1675 1274 trames

125 1315 157 1340 15
175 1304 228 1347 ad
259 1301 572 1345 inmortalitatis
603 1300 835 1354 praemium
868 1299 1100 1342 sublimiter
1134 1299 1280 1351 ducat,
1328 1313 1407 1342 non
1446 1301 1675 1354 poterimus

172 1373 325 1415 cedere
355 1372 454 1413 tuae
486 1369 741 1420 crudelitati,
776 1369 846 1422 qui
877 1368 1068 1410 nouimus
1101 1368 1212 1422 quod
1244 1369 1299 1410 sit
1327 1370 1571 1425 martyrium
1599 1370 1675 1412 do-

172 1441 352 1484 minicae
398 1438 652 1482 fortitudinis
699 1437 921 1491 singularis
967 1437 1157 1479 imitatio.
1217 1437 1372 1480 laboris
1419 1439 1589 1492 quidem
1637 1440 1678 1481 et

176 1508 436 1552 difficultatis
467 1507 591 1561 plena
622 1507 724 1549 satis
757 1507 800 1548 et
831 1506 963 1548 ardua
993 1506 1221 1561 martyrum
1255 1506 1359 1548 adeo
1396 1506 1466 1549 uia
1506 1508 1589 1558 est,
1633 1508 1678 1549 ut

176 1590 254 1620 non
287 1577 379 1631 quis
410 1576 602 1618 humanis
633 1576 807 1630 implere
838 1575 981 1618 ualeat
1010 1575 1192 1623 uiribus;
1226 1575 1300 1617 sed
1331 1588 1406 1617 nos
1432 1577 1501 1631 qui
1525 1576 1676 1618 auxilio

122 1658 158 1686 20
176 1646 342 1688 diuinae
375 1645 681 1699 suffragationis
712 1645 904 1687 iuuamur
937 1644 1149 1687 calcemus
1181 1645 1222 1686 te
1256 1657 1440 1698 semper,
1484 1645 1531 1686 ut
1570 1658 1675 1687 1111116

176 1716 411 1765 calcamus,
459 1726 630 1756 necesse
674 1714 748 1755 est.
800 1714 894 1755 hinc
930 1714 993 1754 est
1025 1713 1135 1767 quod
1165 1713 1332 1755 libitum
1365 1713 1418 1755 sit
1449 1713 1567 1755 nobis
1598 1726 1680 1756 non

176 1784 310 1827 solum
341 1796 420 1825 non
451 1782 493 1824 te
525 1782 672 1824 timere
706 1782 773 1824 dei
804 1782 1017 1836 religionis
1050 1781 1351 1832 aduersarium,
1390 1781 1464 1824 sed
1498 1782 1539 1823 et
1568 1782 1677 1824 ultro

175 1865 416 1907 prouocare.
477 1850 732 1905 prouocaris,
766 1863 862 1892 cum
894 1863 1056 1904 semper
1095 1850 1141 1892 ut
1171 1863 1250 1892 non
1281 1850 1520 1893 miserearis
1551 1851 1677 1893 inmi-

176 1921 353 1964 sericors
385 1920 459 1963 sed
489 1920 536 1962 ut
555 1919 784 1962 interficias
817 1919 1060 1973 expectaris.
1109 1919 1202 1961 111116
1227 1920 1292 1961 est
1313 1919 1424 1973 quod
1445 1932 1524 1961 11011
1546 1919 1680 1974 possit

126 1999 160 2027 2⁵
177 2001 327 2044 capere
361 1989 607 2031 diuisionem
637 1988 818 2031 felicitas
839 1989 993 2039 nostra,
1027 1989 1137 2042 quia,
1171 1988 1212 2030 et
1238 2001 1334 2030 cum
1356 1988 1585 2030 occidimur
1606 2001 1679 2042 pro

180 2057 247 2100 dei
277 2058 378 2109 filio,
409 2058 498 2111 ipse
531 2056 754 2099 dilectione
785 2057 904 2098 uiuat
933 2057 974 2098 in
1006 2056 1137 2107 nobis,
1169 2057 1257 2110 ipse
1291 2056 1361 2110 qui
1393 2058 1457 2099 est
1487 2057 1527 2098 111
1558 2069 1677 2110 pres-

179 2139 276 2169 sura
308 2126 350 2168 et
381 2126 590 2176 excitatio,
622 2126 663 2167 111
695 2125 1031 2179 persecutionum
1062 2126 1230 2179 proeliis
1265 2124 1477 2168 fortitudo.
1531 2125 1680 2179 quibus

181 2195 333 2237 etenim
355 2195 461 2237 uelis
482 2195 525 2236 te
546 2194 682 2236 modis
715 2207 858 2236 exeras
891 2195 1093 2237 aduersus
1127 2195 1193 2237 dei
1225 2194 1420 2245 cultores,
1453 2208 1679 2249 numquam

179 2263 319 2306 tamen
350 2263 508 2317 poteris
540 2275 746 2305 euacuare
779 2263 989 2317 signatam
1020 2264 1232 2314 uirtutem,
1266 2264 1416 2318 quippe
1439 2276 1534 2306 cum
1555 2276 1678 2306 mun-

129 2340 164 2366 30
183 2331 291 2374 dana
322 2345 400 2374 non
432 2331 622 2382 innitent,
655 2344 732 2373 non
764 2332 950 2389 terreant
979 2333 1199 2374 tormenta.

237 2401 288 2443 X.
330 2400 436 2443 Cum
478 2401 580 2442 haec
620 2399 681 2441 ita
723 2400 823 2451 sint,
867 2401 908 2442 te
950 2400 1016 2442 dei
1061 2401 1207 2443 domus
1238 2401 1547 2455 persecutorem
1582 2399 1680 2454 quid

185 2469 297 2510 aliud
322 2468 458 2510 dicam
483 2481 606 2523 quam
629 2468 841 2519 miserum,
875 2468 943 2522 qui
965 2468 1221 2522 praedonum
1243 2470 1409 2511 tuorum
1433 2468 1680 2511 daemonum

183 2537 522 2592 instigationibus
553 2549 714 2591 parcas,
748 2550 921 2591 quorum
955 2537 1137 2579 stimulis
1171 2538 1289 2579 actus
1312 2538 1413 2579 haec
1437 2537 1562 2579 fueris
1583 2550 1680 2592 per-

254 2683 271 2717 1
291 2683 431 2719 aedicta.
524 2684 580 2728 qui
597 2684 685 2727 fort.
780 2684 801 2718 2
818 2685 954 2729 uigores
1043 2686 1084 2719 10
1101 2695 1209 2730 negas
1226 2685 1419 2729 mminaui,
1438 2686 1570 2730 relegas
1588 2686 1682 2721 coni.

187 2763 369 2799 Latinius
475 2763 517 2797 15
543 2745 639 2798 <sicat
746 2763 790 2798 22
814 2747 979 2800 solummm
1029 2764 1073 2799 23
1098 2775 1175 2799 cum
1202 2765 1266 2806 Vv,
1293 2765 1384 2800 enim
1408 2766 1501 2800 coni.
1531 2764 1681 2800 Gallam

188 2820 273 2855 dius
366 2820 409 2854 27
437 2821 638 2856 exercitatio
664 2833 684 2858 v
710 2824 820 2867 (corr.
844 2823 886 2857 in
909 2822 1024 2866 notis)
1119 2822 1164 2857 32
1189 2822 1277 2859 aliut
