1934 3278
264 245 318 289 86
610 289 621 295 -
920 242 1117 277 Luciferi

266 371 437 417 factum,
461 371 508 410 ut
531 370 755 412 Christiani
780 370 854 410 sub
877 369 1042 410 illorum
1068 369 1265 410 ditionem
1290 368 1538 409 ueniremus.
1573 380 1767 421 percurre

269 451 374 491 quae
409 438 637 479 acciderint
675 438 772 481 illis,
818 438 884 490 qui
930 450 1067 478 arcam
1109 450 1152 478 se
1192 437 1256 478 dei
1299 437 1458 489 cepisse
1489 437 1767 483 laetabantur,

268 507 338 560 qui
369 507 524 548 uirtute
559 507 729 548 deorum
763 519 930 547 suorum
969 506 1121 547 uicisse
1164 518 1207 547 se
1243 505 1455 547 israelitas
1488 506 1693 548 dicebant.
1729 506 1770 546 et

266 575 453 616 inuenies
484 588 610 616 unum
649 575 690 616 te
725 587 772 615 ex
802 574 899 623 illis,
942 574 1010 627 qui
1044 574 1110 615 dei
1147 574 1299 615 fuerint
1340 573 1507 614 domum
1546 575 1766 627 persecuti.

271 647 311 686 et
341 644 600 698 alieniyenae
622 643 886 684 abstulerunt
906 656 1051 684 arcam
1073 643 1139 684 dei
1161 657 1211 684 ex
1232 643 1451 697 Almueeer,
1476 646 1511 684 et
1532 644 1770 685 intulerunt
1806 652 1823 677 5

268 712 391 753 illam
407 712 455 752 in
473 712 666 753 Azotum.
689 714 724 751 et
741 710 1004 751 sustulerunt
1020 710 1282 764 alieniyenae
1300 724 1457 759 arcam,
1481 713 1517 751 et
1533 711 1769 752 intulerunt

268 780 391 822 illam
422 781 471 821 in
503 780 667 821 domum
686 779 856 833 Dayon,
889 781 927 820 et
963 778 1273 819 collocauerunt
1301 778 1424 820 illam
1454 778 1578 819 iuxta
1599 777 1768 832 Dayon.

269 852 305 890 ct
335 862 458 889 mane
490 848 783 902 uiyilauerunt
803 848 941 897 Aeoti,
976 851 1012 887 et
1041 847 1315 888 intrauerunt
1345 847 1393 887 in
1424 848 1591 889 domum
1612 847 1770 901 Dayon

269 920 306 958 et
335 917 547 958 uiderunt.
580 921 615 957 et
647 929 730 957 ecce
759 915 916 968 Dayon
946 915 1090 957 cecidit
1120 915 1168 955 in
1188 915 1341 967 faciem
1362 928 1485 956 suam
1507 919 1604 957 ante
1625 930 1770 957 aream

269 985 350 1028 dei.
385 988 421 1026 et
450 985 714 1027 sustulerunt
743 984 900 1038 Dayon
936 985 975 1025 et
1011 985 1248 1025 statuerunt
1286 984 1334 1024 in
1373 983 1505 1024 locum
1536 997 1672 1025 suum.
1735 988 1770 1026 et
1791 999 1824 1024 10

267 1056 453 1108 grauata
491 1056 548 1094 est
587 1066 741 1094 manus
780 1053 941 1094 domini
980 1065 1103 1104 super
1140 1053 1294 1094 Azotos
1332 1055 1369 1093 et
1407 1053 1622 1094 cruciabat
1660 1053 1766 1095 illos,

269 1125 307 1163 et
345 1123 548 1174 percussit
578 1121 672 1163 ilios
710 1122 758 1162 in
788 1121 974 1162 domibus
1006 1134 1172 1174 eorum,
1214 1121 1262 1161 in
1305 1122 1480 1163 Azotum
1518 1125 1553 1162 et
1584 1123 1771 1175 reqiones

270 1191 370 1231 eius.
432 1193 469 1231 et
499 1190 660 1243 factum
690 1192 762 1240 est,
808 1203 901 1231 cum
940 1191 1037 1230 ante
1076 1190 1207 1231 lucem
1247 1190 1508 1243 uiyilassent,
1551 1193 1586 1231 et
1616 1190 1767 1244 Daqon

270 1258 475 1299 ceciderat
502 1259 551 1299 in
580 1258 736 1310 faciem
767 1261 865 1299 ante
896 1271 1042 1299 arcam
1072 1259 1306 1299 testamenti
1345 1258 1519 1313 domini,
1569 1262 1605 1299 et
1644 1262 1772 1312 caput

272 1327 429 1381 Dayon
458 1330 495 1368 et
525 1327 643 1368 ambo
681 1327 863 1381 uestiyia
893 1340 1046 1368 manus
1077 1327 1168 1368 eius
1197 1326 1341 1368 ablata
1378 1330 1498 1368 erant
1524 1341 1601 1380 per
1625 1331 1772 1380 partes
1792 1339 1825 1366 15

269 1400 447 1450 centum,
489 1399 524 1437 et
555 1395 674 1437 ambo
705 1395 880 1437 articuli
915 1408 1070 1437 manus
1110 1395 1232 1436 illius
1271 1396 1508 1437 cecide-runt
1543 1397 1591 1436 in
1630 1396 1771 1439 limen.

272 1465 314 1506 et
342 1464 470 1506 infra:
505 1468 541 1506 et
569 1468 755 1518 yrauata
785 1467 844 1505 est
873 1477 1029 1505 manus
1060 1464 1222 1505 domini
1253 1477 1380 1517 super
1410 1465 1602 1518 Azotum,
1635 1468 1671 1505 et
1700 1466 1771 1505 in-

270 1534 393 1575 duxit
423 1532 512 1574 illis
543 1545 691 1586 mures,
732 1536 768 1574 et
797 1534 914 1583 facta
946 1536 1003 1574 est
1032 1533 1218 1585 confusio
1241 1533 1391 1574 mortis
1408 1546 1567 1586 magma
1590 1534 1639 1574 in
1663 1534 1767 1575 ciui·

270 1605 364 1643 tate.
429 1605 467 1643 et
503 1602 705 1643 uiderunt
741 1602 831 1643 uiri
861 1602 980 1643 Aeoti
1025 1602 1225 1654 quoniam
1263 1603 1320 1643 sic
1359 1605 1436 1654 est,
1484 1605 1522 1643 et
1558 1602 1768 1650 dixerunt,

270 1671 471 1724 quoniam
492 1684 576 1712 non
597 1670 752 1713 sedebit
771 1684 874 1712 arca
896 1671 1056 1712 domini
1078 1671 1145 1712 dei
1165 1671 1302 1712 Israel
1324 1671 1549 1725 nobiscum,
1574 1672 1772 1724 quoniam
1792 1680 1828 1706 20

271 1740 382 1781 dura
403 1742 464 1780 est
482 1752 636 1779 manus
657 1738 778 1780 illius
799 1751 925 1790 super
944 1751 1020 1780 nos
1040 1742 1080 1780 et
1098 1751 1224 1791 super
1245 1738 1402 1792 Dayon
1424 1739 1544 1780 deum
1566 1742 1771 1781 nostrum.

272 1809 311 1848 et
334 1807 508 1848 mittunt
537 1809 574 1847 et
596 1810 826 1848 commeant
846 1807 1009 1860 reyulos
1031 1806 1369 1860 alieniyenarum
1391 1808 1447 1848 ad
1478 1820 1519 1848 se
1543 1810 1581 1848 et
1605 1808 1774 1849 dicunt.-

272 1876 373 1928 quid
402 1876 605 1928 faciemus
635 1888 738 1916 arca
767 1876 834 1917 dei
864 1875 1032 1917 Israel?
1090 1878 1127 1915 et
1164 1876 1366 1916 dixerunt
1397 1875 1592 1917 Gethaei:
1631 1879 1771 1917 trans—

273 1947 339 1986 eat
368 1956 472 1985 arca
502 1944 569 1985 dei
600 1943 737 1986 Israel
768 1944 816 1984 in
849 1943 968 1986 Geth.
1022 1947 1058 1985 et
1087 1944 1249 1997 factum
1279 1947 1348 1998 cst,
1377 1946 1603 1996 postquam
1634 1947 1773 1985 trans-

272 2012 362 2054 lata
393 2015 450 2054 est
481 2025 584 2053 arca
614 2012 693 2066 dei,
727 2011 844 2064 facta
874 2015 933 2054 est
961 2026 1116 2054 manus
1136 2013 1296 2054 domini
1317 2014 1365 2053 in
1386 2013 1567 2067 ciuitate,
1601 2015 1640 2053 et
1657 2014 1775 2066 facta
1794 2021 1830 2047 25

273 2084 330 2123 est
359 2080 543 2122 turbatio
565 2094 724 2134 mayna
744 2081 882 2122 ualde.
917 2084 954 2122 et
968 2082 1181 2134 percussit
1201 2082 1317 2122 uiros
1339 2081 1525 2122 ciuitatis
1548 2095 1575 2121 a
1595 2081 1773 2122 minimo

273 2162 400 2203 usque
438 2150 495 2191 ad
532 2151 780 2202 mammam,
820 2152 855 2190 et
896 2149 1091 2191 ebulliuit
1128 2149 1220 2190 illis
1261 2162 1400 2190 mures
1439 2149 1488 2190 in
1525 2149 1698 2197 sedibus,
1739 2152 1775 2191 et

273 2219 460 2272 fecerunt
502 2218 580 2259 sibi
612 2217 787 2260 Getbaei
817 2218 929 2259 sedes
960 2217 1172 2271 pellicias,
1211 2220 1250 2259 et
1288 2218 1493 2259 miserunt
1530 2230 1676 2259 arcam
1708 2215 1776 2259 dei

273 2288 322 2328 in
353 2286 613 2329 Ascalonem.
673 2289 710 2327 et
739 2287 901 2339 factum
932 2289 1001 2340 est,
1034 2289 1079 2327 ut
1109 2286 1293 2327 intrauit
1325 2299 1428 2327 arca
1458 2285 1524 2327 dei
1555 2284 1696 2326 Israel
1727 2285 1775 2326 in

275 2357 549 2407 Ascalonem,
596 2355 940 2397 exclamauerunt
986 2355 1292 2397 Ascalonenses
1337 2355 1536 2396 dicentes:
1581 2357 1627 2394 ut
1671 2354 1774 2406 quid
1795 2362 1829 2388 30

274 2425 452 2466 misistis
498 2437 643 2466 arcam
681 2424 747 2466 dei
785 2423 924 2465 Israel
963 2424 1019 2465 ad
1057 2437 1146 2476 nos,
1194 2427 1241 2464 ut
1279 2424 1404 2464 morti
1442 2422 1587 2463 tradat
1625 2435 1701 2463 nos
1739 2426 1776 2463 et

412 2562 431 2595 5
457 2561 472 2594 Ι
496 2561 581 2604 Reg.
607 2561 638 2600 5,
667 2561 756 2594 1—4
852 2561 892 2594 17
918 2559 965 2595 ib.
992 2560 1022 2604 5,
1050 2559 1163 2595 6--12

345 2675 360 2708 1
390 2674 579 2708 dictionem
697 2674 738 2708 15
764 2673 867 2708 amba
892 2686 936 2708 m.
962 2678 981 2708 1
1091 2673 1135 2707 22
1160 2674 1296 2717 regulos
1322 2674 1413 2708 coni.
1443 2674 1568 2713 Colcti,
1594 2673 1715 2707 relicos
1748 2675 1780 2707 V

277 2731 356 2773 (sed
381 2731 422 2764 in
447 2741 513 2775 my.
539 2730 689 2774 reliquos
706 2743 749 2766 m,
769 2732 873 2775 rec.),·
899 2731 946 2773 ef.
964 2731 1160 2773 συνάγουσι
1176 2730 1261 2768 τοὺς
1278 2731 1466 2773 σατράπας
1484 2731 1598 2764 LXX
1617 2734 1650 2764 et
1667 2729 1775 2772 infra

271 2799 308 2832 p.
334 2790 392 2828 87,
419 2791 438 2821 1
463 2787 599 2831 regulos
692 2787 736 2821 23
761 2787 937 2831 faciemus]
965 2787 1007 2821 de
1025 2788 1113 2822 add.
1139 2799 1183 2822 m.
1200 2798 1269 2822 rec.
1365 2786 1407 2819 25
1426 2787 1490 2820 alt.
1510 2788 1562 2820 est
1581 2797 1646 2821 om.
1663 2798 1684 2821 v

274 2856 317 2890 27
342 2833 420 2890 illbs
513 2855 557 2890 28
582 2855 716 2890 cethaei
809 2856 972 2900 pelliceas
996 2867 1017 2891 v
1111 2866 1189 2890 area
