1934 3278
235 277 333 307 XXII

235 392 270 431 te
301 393 449 432 contra
481 391 538 431 ad
568 390 753 432 nihilum
783 394 1013 432 uenturum
1046 391 1269 447 (uenturus
1299 391 1368 443 V),
1403 392 1511 443 quod
1543 391 1734 433 Latinius

234 459 398 513 egregie
423 459 622 509 restituit,
645 459 1003 513 interpolauerunt
1027 459 1160 501 Coleti
1184 460 1323 514 te(qui
1346 460 1427 515 sis>
1454 486 1509 491 —
1530 464 1735 502 uenturus

234 527 476 577 scribentes,
517 528 586 581 qui
629 528 773 569 contra
814 528 908 578 285,
944 529 996 569 16
1027 532 1328 580 superaturum
1362 531 1647 581 (superaturos
1679 528 1732 580 V>

234 596 281 636 ut
318 596 414 646 258,
449 597 502 638 32
554 597 900 639 reconciliaturus
941 599 1086 651 (—um
1119 597 1171 649 V>
1225 597 1355 638 Tilius
1401 597 1515 638 recte
1560 609 1735 639 reuoca-

236 666 404 713 uerunt3
447 666 542 714 256,
570 667 617 707 11
650 666 783 719 futur'
808 684 858 702 :-
881 665 1090 718 futurum,
1124 666 1219 715 314,
1244 665 1298 707 20
1321 666 1447 707 latur'
1473 685 1523 703 τ.-
1547 666 1736 707 laturum

237 733 277 774 in
317 734 460 775 codice
503 734 648 776 exstat.
686 760 734 764 -
770 733 836 783 76,
873 734 924 775 12
964 748 1092 786 quare
1131 735 1225 787 quis
1262 737 1306 775 tu
1341 736 1500 787 (quistu
1533 734 1580 787 V,
1614 735 1735 774 istam

238 803 279 856 v)
320 802 394 843 tibi
439 804 570 844 sumis
600 803 667 844 dei
711 803 992 844 sacerdotum
1028 803 1295 855 (sacerdotem
1329 803 1382 853 V)
1431 803 1738 850 auctoritatem,

237 869 263 913 i.
297 883 329 911 e.
365 871 657 912 auctoritatem
703 870 918 912 iudicandi
960 870 1212 923 episcopum,
1262 884 1384 924 quam
1428 884 1506 913 non
1544 871 1619 912 tibi
1665 871 1739 912 sed

238 939 525 981 sacerdotibus
549 939 651 980 deus
674 939 804 989 dedit,
836 938 879 980 id
912 938 1021 992 quod
1052 940 1129 980 1100
1160 939 1253 980 loco
1282 939 1642 981 demonstraturus
1677 940 1740 980 est

241 1008 281 1048 et
309 1007 336 1048 1.
369 1009 423 1050 23
454 1008 518 1050 his
549 1008 701 1062 repetit
732 1008 891 1049 uerbis:
930 1009 1052 1061 quasi
1083 1010 1177 1061 quis
1208 1010 1382 1061 inquam
1414 1010 1489 1049 tibi
1522 1009 1741 1060 usurpasti

239 1076 350 1118 lianc
389 1078 694 1131 auctoritatem,
738 1091 866 1130 quam
904 1077 982 1118 tibi
1013 1078 1113 1119 deus
1143 1091 1229 1119 non
1271 1079 1482 1120 tradidit?
1529 1078 1739 1131 genitiuus

240 1145 497 1186 sacerdotum
529 1145 656 1199 igitur
687 1146 775 1187 iure
810 1159 832 1187 a
862 1158 929 1187 me
960 1147 1182 1188 reuocatus
1216 1147 1290 1188 est.
1324 1147 1463 1188 tamen
1499 1159 1621 1199 aegre.
1654 1146 1739 1187 fero

243 1213 352 1266 quod
381 1213 408 1254 1.
444 1214 495 1255 12
530 1214 625 1255 Τ1111
664 1215 841 1256 audacia
883 1215 1083 1268 deceptus
1117 1216 1321 1268 scriptura
1352 1217 1478 1256 istam
1510 1216 1551 1255 in
1580 1216 1742 1256 textum

241 1282 409 1335 recepta
455 1295 549 1324 cum
580 1284 597 1324 i
627 1296 700 1336 pro
732 1298 781 1325 ae
824 1284 890 1324 hic
936 1284 1021 1324 illic
1057 1284 1179 1325 scribi
1213 1284 1400 1325 uiderem
1443 1284 1527 1338 (62,
1563 1284 1614 1326 13
1646 1286 1741 1337 qui-

241 1351 369 1404 sisse),
402 1365 551 1404 quaeso
584 1355 628 1392 tu
658 1352 699 1392 111
732 1352 997 1393 adnotatione
1028 1352 1234 1405 proposui.
1284 1352 1397 1405 atqui
1430 1352 1511 1393 sil.
1540 1353 1590 1392 12
1613 1365 1743 1404 quare

243 1420 336 1472 quis
366 1420 570 1470 tenemus,
602 1420 629 1461 l.
653 1421 707 1462 23
737 1422 862 1474 quasi
884 1423 977 1474 quis
998 1423 1177 1475 inquam
1209 1422 1321 1463 nullo
1343 1422 1465 1474 pacto
1497 1421 1740 1462 tentandum

244 1489 319 1539 est,
352 1489 470 1530 cuius
501 1488 592 1530 1000
624 1491 748 1542 quasi
778 1491 816 1531 is
837 1492 910 1543 qui
942 1492 1119 1543 inquam
1156 1490 1563 1531 commendaueram.
1594 1502 1743 1531 manus

242 1570 389 1599 recens
433 1570 532 1600 uero
580 1558 702 1600 solita
743 1558 913 1600 licentia
958 1560 1082 1612 quasi
1127 1560 1244 1600 dicat
1273 1560 1366 1612 quis
1399 1573 1438 1600 es
1481 1563 1525 1599 tu
1566 1560 1743 1612 inquam

242 1626 522 1680 interpolauit.
576 1627 701 1668 etiam
744 1627 837 1678 102,
873 1628 922 1668 17
970 1629 1077 1680 quis,
1124 1628 1255 1677 homo,
1302 1628 1443 1669 dicis?
1490 1627 1531 1668 et
1565 1626 1657 1677 190,
1694 1628 1746 1668 10

244 1696 350 1749 (sitis,
383 1695 512 1746 houm,
545 1697 726 1738 dixisti?
770 1709 996 1749 pronomen
1036 1697 1150 1738 idem
1182 1697 1293 1750 quod
1327 1697 1421 1750 quis
1452 1710 1492 1737 es
1524 1698 1597 1749 qui
1627 1697 1746 1738 dicas

246 1764 437 1819 (dixeris)
483 1764 704 1818 significat.
737 1791 792 1796 —
823 1765 919 1815 227,
959 1765 985 1806 3
1031 1767 1331 1806 rememoratus
1376 1778 1469 1805 sum
1514 1777 1746 1806 sermonem

248 1838 499 1889 (sermonum
532 1833 586 1886 V)
632 1848 750 1886 quem
797 1834 955 1876 locutus
1001 1838 1070 1876 est.
1104 1860 1159 1864 ——
1190 1834 1286 1883 294,
1320 1834 1345 1875 6
1382 1834 1553 1886 quando
1598 1834 1746 1875 uideas

244 1903 430 1944 militum
479 1903 673 1957 (militem
704 1903 758 1955 V)
808 1903 972 1946 Christi
1017 1904 1314 1955 incorruptam
1358 1903 1458 1956 fidei
1501 1903 1744 1954 firmitatem

244 1972 353 2025 quod
399 1985 484 2013 non
533 1971 768 2014 blanditiae
812 1973 1038 2025 decipiant.
1098 1971 1162 2013 his
1209 1971 1335 2012 certis
1386 1971 1500 2012 nisus
1548 1971 1746 2024 exemplis

248 2053 341 2103 130,
378 2053 425 2094 11
449 2053 693 2105 speluncam
724 2053 940 2095 latronum
969 2053 1029 2094 sis
1053 2066 1132 2106 per
1163 2053 1448 2106 sanyuinum
1483 2040 1748 2106 (sanquine-m

245 2135 299 2163 m.
332 2134 414 2162 rec.
447 2123 570 2174 corr.)
612 2123 822 2175 fusionem
864 2123 1096 2175 aedificans
1133 2121 1322 2162 conicere
1355 2132 1480 2162 ausus
1513 2133 1618 2170 sum,
1652 2111 1748 2161 cum

246 2190 402 2232 insoliti
440 2190 612 2243 pluralis
650 2191 691 2231 in
729 2191 846 2232 libris
879 2191 1009 2232 sacris
1040 2190 1290 2243 frequentati
1326 2189 1394 2244 (cf.
1427 2190 1543 2230 Neue
1576 2189 1615 2230 ΓΕ
1645 2189 1746 2237 400)

251 2259 291 2300 et
329 2259 436 2300 Hah.
480 2259 517 2308 2,
555 2259 604 2300 12
650 2274 730 2300 uae
775 2261 847 2312 qui
893 2261 1123 2313 aedificant
1168 2260 1383 2300 ciuitatem
1428 2259 1476 2299 in
1521 2259 1751 2312 sanquibus

248 2328 498 2381 praecedere
530 2328 826 2370 meminissem.
876 2329 1053 2382 denique
1086 2341 1133 2370 eo
1164 2328 1288 2369 modo
1320 2342 1380 2368 em
1411 2327 1452 2368 in
1487 2342 1554 2368 um
1585 2327 1753 2367 transiit

252 2397 344 2446 107,
392 2397 445 2438 23
493 2396 751 2439 Scariotliem
793 2398 1083 2450 (Scariotlzum
1115 2398 1182 2452 V),
1231 2397 1307 2438 nisi
1354 2396 1457 2438 forte
1504 2395 1659 2436 rectius
1706 2395 1752 2435 ut

249 2465 345 2514 265,
380 2466 402 2504 7
447 2465 715 2506 Scariotham
758 2466 967 2509 scribitur.
1013 2468 1106 2508 111.
1139 2467 1193 2508 32
1234 2466 1273 2506 in
1318 2465 1511 2507 Scariotli
1542 2468 1577 2504 et
1618 2464 1750 2505 latere

252 2533 486 2576 Scariothes·
517 2534 736 2576 Knoellius
765 2535 884 2576 uidit.
918 2560 972 2565 -
1007 2535 1099 2584 120,
1133 2535 1158 2575 9
1192 2536 1232 2576 et
1263 2534 1358 2576 230.
1394 2536 1413 2575 1
1449 2533 1609 2589 etum),
1642 2532 1752 2574 unde

253 2602 379 2643 etiam
411 2601 599 2642 firmatur
631 2603 740 2655 quod
772 2605 810 2646 4.
834 2604 888 2644 26
911 2605 1203 2645 misereamini
1233 2604 1305 2644 eis
1337 2604 1441 2653 (eius
1463 2602 1512 2656 V,
1545 2614 1687 2642 corum
1708 2604 1749 2654 v)

251 2670 427 2711 restitui.
481 2671 606 2711 etiam
654 2672 745 2713 144.
782 2672 833 2712 10
864 2686 918 2713 111.
958 2674 973 2714 1
1016 2674 1105 2714 eius
1142 2673 1182 2713 in
1221 2673 1281 2713 eis
1318 2671 1433 2712 recte
1473 2670 1665 2711 mutauit.
1699 2694 1755 2700 -—

255 2739 319 2780 15.
344 2739 396 2779 27
422 2742 531 2791 (nos)
568 2740 639 2788 qui
671 2740 726 2780 ad
761 2741 837 2781 illa
869 2742 1154 2794 consequenda
1186 2739 1457 2796 tendam<us>
1494 2739 1535 2779 et
1566 2738 1661 2788 293,
1685 2738 1752 2787 26,

254 2807 323 2847 ubi
355 2808 493 2847 tamen
526 2820 793 2859 personarum
826 2810 1001 2850 mutatio
1035 2823 1106 2862 per
1130 2822 1173 2850 se
1197 2809 1420 2849 durissima
1450 2808 1626 2849 sortasse
1658 2806 1755 2847 ferri

252 2875 384 2927 possit
422 2875 715 2931 percum<us>.
771 2878 999 2930 scripturae
1040 2878 1331 2930 compendium
1372 2877 1437 2918 hic
1471 2876 1569 2923 illic,
1609 2875 1656 2916 ut
1690 2875 1756 2925 10,
