1934 3278
244 245 298 287 30
895 243 1092 277 Luciferi

246 370 458 424 apostolus
488 370 528 410 in
562 370 639 410 hac
674 369 776 410 dicit
808 368 994 410 secunda
1026 368 1225 421 epistula:
1260 369 1397 410 omnis
1427 369 1502 421 qut·
1533 368 1685 410 recedit
1715 371 1750 410 et

246 453 332 480 non
362 441 505 480 manet
534 439 582 479 in
613 438 807 479 doctrina
841 437 1002 479 Christi
1042 438 1164 479 deum
1206 450 1292 478 non
1323 437 1464 488 habet;
1504 438 1577 490 qut
1609 440 1751 478 autem

246 509 386 548 manet
416 508 465 548 in
495 507 688 548 doctrina
719 506 807 547 eius
837 505 908 547 ille
939 509 975 547 et
998 509 1169 559 patrem
1202 508 1240 546 et
1258 505 1399 559 filium
1421 506 1560 560 habet,
1600 506 1649 547 ut
1678 518 1751 559 per

246 576 481 617 doctrinam
523 574 769 628 colligentes
811 586 1024 615 sacrorum
1066 574 1381 628 euangeliorum
1433 575 1499 616 dei
1537 576 1668 629 patris
1712 575 1754 616 et

247 643 358 685 unici
390 643 465 684 filii
499 643 587 684 eius
609 656 735 684 unam
757 643 1024 684 crederemus
1052 642 1266 693 deitatem,
1299 644 1408 684 hunc
1442 643 1595 685 habere
1630 644 1753 685 deum

248 712 318 765 qui
349 712 409 753 ita
440 711 605 759 credat;
639 711 708 765 qui
742 711 882 752 autem
912 711 1137 753 recesserit
1169 712 1220 753 ab
1243 713 1320 753 hac
1356 712 1557 764 doctrina,
1589 714 1667 755 hoc
1693 713 1756 754 cst

249 785 285 823 et
307 795 376 835 eyo
399 784 436 823 et
454 784 575 834 pater
596 795 730 822 unum
750 794 895 822 sumus
916 806 971 811 -
992 780 1137 833 utique
1169 793 1264 822 cum
1296 781 1350 822 sit
1379 781 1554 834 plurale,
1588 782 1629 822 et
1651 781 1755 822 duas

249 849 433 891 ostendit
463 862 661 903 personas
695 850 735 890 et
766 863 893 891 unam
924 850 1157 903 potentiam
1178 851 1327 891 harum
1350 850 1527 892 duarum
1552 863 1754 904 persona-

247 931 354 968 rum,
386 919 462 960 hoc
497 918 562 959 est
582 918 711 971 patris
735 919 776 959 et
796 918 873 959 filii
895 944 950 950 -
974 930 1073 972 ergo
1109 918 1211 960 dicit
1243 919 1476 972 apostolus:
1509 920 1583 972 qui
1603 919 1759 961 recedit

1790 652 1806 676 5

247 990 284 1028 et
316 1001 400 1028 non
432 990 577 1028 manet
596 988 644 1029 in
665 988 860 1029 doctrina
884 987 1045 1030 Christi
1076 988 1199 1029 deum
1230 1001 1316 1029 non
1347 988 1493 1040 habet;
1523 989 1596 1040 qui
1618 991 1758 1029 antem
1777 993 1809 1019 1⁰

248 1059 392 1097 manet
428 1056 477 1097 in
518 1057 713 1099 doctrina
752 1057 842 1098 eius
887 1056 957 1098 ille
987 1060 1024 1100 et
1057 1059 1231 1110 patrem
1269 1059 1308 1098 et
1344 1057 1485 1110 filium
1525 1056 1665 1111 habet,
1712 1056 1760 1096 ut

249 1125 519 1166 crederemus
550 1125 635 1167 filio
670 1125 824 1166 dicenti
858 1124 946 1166 dei:
979 1138 1049 1179 eqo
1079 1128 1115 1166 et
1143 1128 1268 1179 pater
1288 1138 1423 1166 unum
1453 1137 1613 1177 snmus,
1648 1123 1759 1178 quod

252 1194 395 1246 utiquo
426 1206 510 1234 una
552 1194 606 1235 sit
639 1193 774 1235 deitas
806 1194 936 1247 patris
980 1194 1020 1236 et
1051 1193 1139 1235 filii.
1202 1193 1369 1235 constat
1404 1193 1547 1247 itaque
1585 1193 1642 1244 te,
1690 1192 1759 1246 qui

249 1262 309 1303 ita
341 1274 419 1303 non
450 1262 596 1304 teneas
629 1263 837 1315 quomodo
868 1262 1091 1303 tradiderit
1125 1262 1324 1315 apostolis
1358 1263 1550 1304 dominus
1583 1262 1625 1304 et
1657 1275 1758 1316 apo-

252 1331 349 1372 stoli
383 1331 600 1384 episcopis,
633 1331 675 1372 te
709 1344 787 1373 non
819 1332 974 1373 habere
1008 1331 1147 1382 deum,
1181 1332 1279 1384 quia
1312 1331 1352 1372 et
1375 1331 1588 1384 apostolus
1613 1331 1760 1373 uolens

254 1399 295 1441 et
326 1400 457 1452 patris
491 1399 533 1440 et
563 1399 640 1440 filii
663 1399 831 1441 unicam
865 1400 1131 1441 diuinitatem
1161 1399 1432 1441 manifestare
1467 1399 1655 1441 dicebat:
1688 1400 1763 1453 qm]

252 1469 405 1510 recedit
446 1483 472 1510 a
504 1469 700 1510 doctrina
742 1469 833 1510 eins
879 1469 1001 1511 deum
1040 1482 1126 1511 non
1157 1469 1300 1521 habet;
1346 1472 1419 1522 qni
1449 1471 1590 1510 antem
1620 1471 1764 1511 manet

252 1537 300 1578 in
330 1537 524 1578 doctrina
554 1539 644 1579 etus
674 1538 746 1580 ille
774 1541 939 1590 patrem
970 1541 1008 1580 et
1036 1539 1177 1592 fitium
1207 1538 1340 1580 habet.
1386 1538 1430 1579 te
1464 1537 1635 1591 inquam
1659 1550 1760 1578 con—

254 1606 449 1647 stitutum
481 1606 568 1647 sine
603 1606 693 1657 deo,
733 1607 775 1648 te
816 1619 950 1660 neque
989 1606 1121 1647 filium
1164 1607 1388 1648 habentem
1428 1619 1562 1659 neque
1601 1605 1763 1659 patrem

253 1675 488 1716 rectissime
522 1675 679 1729 fugisse
711 1675 1017 1728 cognoscimus,
1060 1675 1268 1728 siquidem
1299 1688 1379 1716 non
1410 1674 1560 1716 fuisset
1592 1674 1763 1727 dignum

255 1744 457 1785 habentes
506 1743 630 1785 deum
671 1756 767 1785 cum
797 1744 976 1786 inimicis
1018 1744 1106 1785 eius
1147 1743 1353 1785 demorari
1394 1743 1561 1784 diuinae
1595 1742 1763 1796 magni-

253 1811 425 1853 tudinis.
489 1812 563 1853 sed
596 1825 721 1865 quam
753 1813 809 1854 sis
844 1812 920 1855 deo
953 1813 1119 1855 odibilis
1152 1825 1371 1866 cognosce,
1404 1813 1451 1853 ut
1481 1824 1556 1853 nec
1590 1823 1666 1852 aue
1687 1810 1765 1852 tibi

257 1880 397 1922 dicere
429 1880 629 1922 fuerimus
660 1882 863 1934 permissi.
904 1881 1110 1934 quomodo
1133 1880 1352 1922 uobiscum
1373 1880 1560 1922 Arrianis
1584 1879 1764 1922 Christi-

258 1950 326 1990 ani
360 1961 450 1990 esse
489 1949 787 2002 potueramus?
848 1963 943 1991 cum
984 1950 1097 1991 dicat
1137 1949 1351 2002 apostolus
1390 1949 1570 1991 Paulus:
1618 1948 1767 1990 stultas

258 2018 520 2071 quaestiones
550 2021 586 2059 ct
605 2019 873 2073 yenealoyz'as
894 2021 934 2060 et
952 2019 1232 2061 contentiones
1264 2021 1302 2060 et
1332 2019 1423 2060 lites
1455 2019 1557 2072 ἱεράς
1593 2018 1764 2071 demta,-

257 2090 358 2127 sunt
389 2087 500 2128 enim
530 2087 704 2129 inutiles
735 2090 770 2129 et
800 2101 953 2131 uanae.
983 2087 1238 2129 haereticum
1270 2087 1480 2129 hominem
1505 2089 1605 2139 post
1633 2099 1768 2127 unam

259 2156 562 2208 correptionem
595 2156 753 2210 demta,
786 2157 922 2198 sciens
954 2157 1156 2209 qnoniam
1179 2169 1412 2209 peruersus
1451 2158 1508 2197 est
1546 2157 1585 2196 et
1606 2157 1768 2209 peccat,

260 2237 354 2265 cum
385 2225 438 2265 sit
460 2238 487 2265 a
508 2226 743 2279 semetipso
774 2226 1017 2267 damnatus.
1080 2237 1176 2266 cum
1198 2224 1423 2267 haereticis
1457 2236 1480 2265 a
1512 2223 1646 2265 semet
1666 2222 1768 2276 ipsis

262 2291 470 2333 damnatis
504 2305 583 2334 non
614 2293 886 2346 potueramus
919 2293 1177 2347 congregari,
1211 2306 1262 2334 ne
1287 2293 1328 2335 et
1358 2305 1432 2335 nos
1462 2292 1538 2333 illa
1568 2304 1647 2334 uox
1670 2302 1768 2344 per-

261 2360 436 2410 cuteret,
487 2361 595 2402 sicut
630 2362 804 2404 Galatas
837 2362 950 2403 beati
982 2362 1100 2403 Pauli
1140 2362 1342 2415 percutit:
1391 2362 1621 2403 currebatis
1652 2360 1769 2411 bene,-

261 2430 357 2482 quis
388 2431 505 2472 nobis
535 2431 758 2483 impediutt
788 2432 965 2473 ueritati
996 2446 1082 2474 non
1113 2431 1329 2473 oboedire?
1371 2429 1672 2484 cognoscentes
1694 2439 1769 2469 uos

400 2566 416 2598 1
444 2565 479 2599 Π
503 2566 554 2600 Io.
580 2567 600 2600 9
726 2568 745 2600 7
769 2566 819 2601 Io.
847 2567 900 2611 10,
927 2566 970 2601 30
1096 2568 1116 2602 9
1140 2566 1175 2602 Π
1197 2567 1247 2601 Io.
1273 2567 1294 2601 9
1424 2565 1466 2599 12
1491 2564 1527 2599 Io
1555 2565 1607 2608 10,
1634 2564 1678 2598 30

264 2623 305 2657 16
330 2622 362 2656 Π
387 2622 434 2656 Io.
461 2623 480 2656 9
575 2624 618 2657 24
644 2624 710 2658 Tit.
734 2625 766 2665 3,
795 2625 904 2658 9-11
1001 2624 1045 2659 30
1072 2621 1150 2658 Gal,
1176 2623 1208 2665 5,
1237 2624 1255 2657 7

330 2735 352 2767 4
377 2735 588 2779 collegentes
707 2738 749 2770 14
775 2739 934 2782 quomodo
1054 2737 1094 2771 16
1126 2747 1231 2770 unam
1256 2747 1299 2770 m.
1326 2739 1345 2770 1
1465 2735 1507 2768 20
1533 2735 1771 2779 cognoscimur

264 2792 446 2826 Latinius
541 2792 581 2826 21
611 2793 780 2843 demorari
797 2795 992 2836 Latinius,
1020 2794 1197 2828 demorare
1223 2804 1254 2834 v,
1282 2792 1459 2827 demorare
1483 2793 1523 2833 V,
1551 2791 1753 2825 demoraren

263 2861 352 2903 fort.
447 2860 490 2893 25
516 2845 726 2906 genealogas
821 2863 864 2896 30
891 2862 1053 2907 galathas

1781 1343 1813 1368 15

1783 1685 1816 1711 20

1786 2027 1819 2052 25

1788 2369 1821 2394 30
