1934 3278
386 297 440 331 De
466 306 537 330 non
561 295 736 341 parcendo
760 296 797 330 in
822 295 924 330 deum
950 295 1245 341 delinquentibus.
1488 298 1571 342 273

69 424 239 477 fratres,
281 435 352 477 eqo
398 422 517 464 omni
555 422 815 465 conscientia
853 422 962 465 bona
999 426 1271 466 conuersatus
1308 437 1402 466 sum
1432 437 1573 467 coram

68 492 142 534 deo
171 504 302 544 usque
331 491 380 532 in
410 490 523 533 hunc
543 491 666 534 diem.
692 491 899 545 princeps
919 494 1060 533 autem
1082 492 1347 535 sacerdotum
1367 493 1572 536 Ananias

66 559 440 603 circumstantibus
470 559 552 601 sibi
576 560 798 613 praecepit
818 561 990 613 percuti
1021 573 1065 603 os
1096 561 1248 603 Pauli.
1280 564 1381 604 tunc
1402 561 1573 604 Paulus

68 629 126 671 ad
155 642 249 671 eum
279 628 416 670 dixit:
437 631 659 681 percutere
689 631 728 670 te
757 628 938 682 incipiet
967 630 1082 682 deus,
1108 630 1261 683 paries
1299 630 1503 673 dealbate.
1536 634 1573 673 et

34 711 51 737 5
68 701 113 741 tu
141 698 254 741 sedes
283 697 477 740 iudicare
505 697 557 739 de
587 710 652 739 me
681 697 911 739 secundum
933 697 1061 752 leyem
1080 701 1119 740 et
1140 701 1289 741 contra
1310 700 1438 754 leyem
1459 699 1573 742 iubes

66 781 130 810 me
154 767 335 820 percuti.
395 765 524 819 igitur
563 766 598 807 si
638 778 716 808 non
756 766 896 820 potest
934 779 1056 808 sacra
1093 767 1161 809 lex
1191 768 1362 809 beatum
1394 768 1572 810 Paulum

68 834 416 878 contumeliosum
442 835 646 884 iudicare,
679 834 778 888 quia
810 836 886 877 hoc
922 835 1026 876 dixit
1054 836 1210 877 iniusto
1241 836 1384 888 iudici,
1417 850 1491 879 nec
1524 840 1571 881 tu

67 918 133 947 me
164 917 266 947 uera
295 904 373 946 tibi
406 904 448 946 et
479 903 589 957 quod
623 916 667 945 es
699 903 909 945 dicentem
941 904 1050 945 iuste
1072 905 1228 958 poteris
1261 905 1401 947 dicere
1425 918 1572 960 super-

67 975 178 1016 bum.
210 986 329 1015 reum
360 985 427 1014 me
459 972 808 1014 contumeliarum
842 972 1051 1027 designas,
1087 973 1161 1015 sed
1193 986 1348 1026 quaeso
1380 975 1423 1016 te
1457 975 1574 1018 dicas

19 1055 52 1081 10
69 1043 135 1086 cui
168 1042 219 1084 de
248 1055 316 1083 me
347 1041 482 1095 possis
503 1040 732 1094 conqueri?
765 1040 797 1082 si
823 1041 914 1091 dec,
948 1042 1155 1094 quomodo
1179 1042 1214 1083 ei
1239 1043 1426 1096 quereris
1450 1057 1574 1097 quem

70 1112 126 1154 sis
156 1111 383 1165 ignorans?
415 1110 621 1163 quomodo
654 1123 750 1151 cum
773 1109 934 1151 alienus
966 1110 1023 1152 sis
1046 1111 1096 1152 ab
1120 1110 1209 1152 eius
1232 1111 1385 1153 domo?
1417 1112 1450 1154 si
1473 1126 1573 1156 uero

68 1180 234 1222 tibimet
263 1179 342 1232 ipsi
375 1179 658 1232 conqueraris,
693 1178 792 1231 quid
825 1178 1012 1220 facturus
1044 1179 1180 1229 homo,
1222 1180 1291 1233 qui
1323 1192 1474 1222 nocere
1507 1182 1573 1223 dei

71 1249 203 1292 seruis
236 1261 284 1290 ex
315 1248 431 1289 nulla
461 1248 597 1301 possis
629 1248 774 1301 parte?
807 1247 841 1288 si
871 1248 1085 1301 torqueaS,
1118 1249 1254 1302 magis
1287 1261 1506 1299 curamur3
1538 1251 1574 1293 si

71 1318 246 1367 crucias,
279 1316 414 1370 magis
444 1316 679 1364 reficimur;
713 1316 747 1357 si
778 1316 996 1366 interficis,
1030 1316 1167 1370 magis
1199 1317 1406 1359 uiuemus.

22 1395 54 1422 1⁶
126 1386 258 1428 XXX.
292 1385 376 1428 Cur
407 1385 586 1426 audeam
617 1385 659 1426 te
684 1385 824 1426 dicere
848 1385 1083 1426 antichristi
1103 1397 1434 1438 praecursorem,
1468 1387 1574 1430 dicis

71 1469 135 1497 mc
166 1455 424 1496 iniuriosum.
459 1455 493 1496 si
525 1467 603 1496 non
634 1455 677 1496 te
711 1455 830 1496 actus
863 1455 926 1495 tui
957 1455 1034 1496 hoc
1069 1467 1160 1496 esse
1194 1454 1430 1506 ostendunt,
1472 1468 1575 1498 con-

72 1524 210 1565 sidera
240 1536 335 1564 cum
365 1523 524 1576 ingenti
566 1523 850 1565 sollicitudine
890 1523 1145 1565 sanctissimi
1187 1523 1314 1564 etiam
1346 1525 1574 1578 prophetae

71 1592 284 1635 Danihelis
320 1592 486 1641 librum,
536 1592 578 1632 et
616 1592 807 1634 inuenies
846 1592 888 1633 te
929 1605 1055 1633 unum
1098 1604 1145 1633 ex
1175 1591 1260 1632 illis
1292 1593 1575 1645 praeostensis

71 1660 406 1714 persecutoribus
439 1659 506 1702 dei
536 1660 764 1714 religionis.
797 1661 846 1702 in
869 1662 1017 1714 primo
1047 1673 1166 1702 anno
1197 1660 1445 1703 Balthasar
1464 1665 1575 1717 reyis

0 1737 56 1790 :¹⁸⁰
75 1729 382 1773 Chaldaeorum
413 1729 604 1771 Danihel
643 1730 855 1771 somnium
894 1730 1019 1782 uidit,
1068 1732 1108 1771 et
1143 1730 1266 1771 uisus
1297 1730 1452 1782 capitis
1483 1732 1573 1773 eius

73 1799 120 1839 in
150 1798 277 1840 cubili
307 1799 409 1849 eius,
441 1802 481 1840 et
509 1799 723 1840 somnium
753 1812 877 1840 suum
908 1799 1101 1852 scripsit:
1133 1812 1203 1853 eqo
1226 1797 1420 1840 Danihel
1452 1800 1574 1842 uide-

72 1867 179 1922 bam,
225 1871 262 1909 et
300 1880 387 1909 ecce
423 1871 622 1921 quattuor
650 1868 769 1910 uenti
799 1868 903 1910 caeli
934 1868 1206 1909 inmittebant
1243 1867 1292 1908 in
1322 1879 1439 1909 mare
1477 1882 1570 1910 ma-

70 1949 213 1990 9num,
235 1939 272 1978 et
288 1939 488 1989 quattuor
505 1937 658 1978 bestiae
678 1937 728 1978 de
749 1937 875 1988 mari,
909 1936 1048 1978 altera
1071 1937 1252 1978 alteram
1279 1937 1576 1990 maynitudine

74 2005 334 2047 antecedens.
361 2007 509 2058 prima
539 2009 585 2047 ut
617 2005 682 2047 lea
713 2009 751 2047 et
776 2006 943 2057 pinnae
972 2006 1075 2048 eius.
1115 2007 1155 2047 et
1184 2005 1373 2046 surrexit
1403 2019 1431 2046 a
1463 2008 1576 2047 terra

27 2078 111 2117 aet
139 2087 264 2127 super
295 2074 485 2116 hominis
509 2074 639 2127 pedes
669 2075 795 2129 stetit,
843 2077 882 2116 et
922 2088 993 2116 cor
1033 2074 1216 2116 hominis
1254 2074 1404 2115 datum
1435 2078 1495 2116 est
1524 2076 1573 2117 ei.

75 2146 113 2185 et
141 2156 225 2186 ecce
256 2143 349 2184 alia
379 2143 508 2184 bestia
539 2143 695 2184 similis
724 2156 865 2193 ursae,
906 2146 943 2185 et
981 2145 1029 2185 in
1068 2157 1159 2184 una
1182 2146 1312 2196 parte
1350 2143 1475 2184 stetit.
1536 2146 1575 2184 et

74 2213 159 2254 tria
190 2212 326 2253 latera
365 2212 412 2252 in
451 2224 519 2253 ore
561 2212 662 2266 eius,
706 2212 755 2254 in
785 2212 919 2253 medio
950 2212 1140 2254 dentium
1170 2212 1271 2255 eius.
1305 2214 1341 2252 et
1373 2211 1433 2252 sic
1463 2212 1574 2253 dimit

76 2281 135 2322 ei:
166 2293 288 2335 surqe
318 2283 357 2322 et
385 2280 602 2322 manduca
632 2293 783 2322 carnes
812 2280 984 2324 multas.
1009 2280 1241 2334 posthanc
1262 2280 1436 2322 bestiam
1456 2281 1576 2323 uide-

75 2348 181 2404 bam,
227 2352 265 2391 et
302 2362 388 2391 ecce
426 2349 520 2390 alia
550 2349 680 2391 bestia
719 2352 766 2391 ut
804 2349 1044 2402 leopardus,
1092 2352 1129 2390 et
1167 2349 1206 2390 ei
1244 2349 1339 2390 alae
1379 2351 1577 2401 quattuor

29 2417 260 2460 ”uolucris
304 2431 432 2471 super
468 2431 561 2459 eam
609 2420 645 2459 et
687 2420 887 2471 quattuor
926 2418 1072 2470 capita
1109 2417 1272 2468 bestiae,
1318 2419 1357 2458 et
1388 2419 1574 2468 potestas

76 2485 178 2528 data
207 2489 267 2529 est
286 2487 337 2528 ei.
366 2489 460 2539 post
482 2486 592 2527 hanc
613 2486 822 2538 uidebam‚
855 2488 891 2526 et
912 2499 996 2527 ecce
1017 2486 1146 2527 bestia
1175 2488 1329 2537 quarta
1362 2484 1576 2527 horribilis

77 2555 348 2597 admirabilis
365 2558 403 2597 et
416 2555 541 2609 fortis
556 2554 842 2605 uehementem
859 2556 999 2596 dentes
1015 2555 1104 2595 eius
1119 2554 1244 2606 ferrei
1261 2553 1577 2596 manducabant

214 2679 255 2713 19
280 2679 370 2713 Dan.
398 2679 429 2718 7,
458 2679 567 2712 1—27

145 2791 166 2825 3
191 2791 258 2826 sibi
287 2793 327 2831 V,
362 2803 397 2826 se
423 2803 443 2825 v
548 2792 682 2836 paullus
788 2793 808 2825 9
834 2768 1117 2825 contumeliarum
1150 2791 1168 2833 (¹
1195 2803 1239 2826 m.
1266 2792 1301 2836 1)
1410 2792 1451 2825 10
1477 2803 1576 2836 quac-

78 2848 161 2882 reris
256 2849 297 2882 14
322 2849 469 2882 uiuimus
494 2850 581 2891 fort.
678 2849 718 2882 24
749 2847 801 2882 leo
827 2860 847 2881 υ
941 2849 1025 2891 eius]
1053 2848 1163 2891 αὐτῆς
1180 2848 1231 2887 ὡς
1247 2848 1356 2882 ἀετοῦ
1375 2849 1489 2883 LXX

79 2905 122 2939 26
146 2915 222 2939 urso
250 2917 267 2939 v
360 2905 403 2939 30
428 2906 582 2940 uolucres
677 2906 719 2939 32
744 2905 851 2940 fortes

148 2972 254 3006 XIIII.
1397 2974 1438 3006 18
