1934 3278
273 207 298 248 8
929 201 1131 236 Luciferi

275 343 405 382 neque
436 329 566 370 bibere
598 341 754 382 aquam
783 328 833 368 in
863 326 937 367 hoc
970 327 1071 380 loeo,
1111 327 1310 379 quoniam
1343 327 1402 368 sie
1425 327 1644 380 praecepit
1674 326 1781 368 mibi

274 398 324 438 in
354 397 478 439 uerbo
510 397 707 438 dominus
738 396 903 437 dicens:
933 409 1021 436 non
1051 395 1329 437 manducabis
1352 409 1514 448 panem
1545 396 1605 436 ibi
1635 398 1672 437 et
1693 409 1781 437 non

274 467 381 508 bibes
412 480 569 520 aquam
600 466 659 507 ibi
690 467 728 506 et
757 477 842 505 non
873 464 1097 506 reuerteris
1127 464 1227 506 inde
1248 478 1332 517 per
1363 465 1482 505 uiam
1512 478 1640 517 quam
1664 464 1779 507 ieris.

274 538 312 576 et
342 535 452 576 dixit
482 535 539 576 ad
570 548 685 576 eum:
716 536 755 575 et
783 545 852 586 eqo
877 532 1097 585 prophetes
1127 545 1221 574 sum
1249 532 1378 574 sicuti
1398 535 1438 574 et
1457 535 1516 583 tu,
1546 536 1585 574 et
1606 532 1782 586 anyelus

275 604 432 645 locutus
462 606 521 644 est
552 602 609 644 ad
640 615 702 643 me
733 601 782 641 in
812 601 935 642 uerbo
966 601 1131 642 domini
1161 601 1326 642 dicens:
1363 601 1488 643 reduc
1525 615 1619 643 eum
1658 602 1715 643 ad
1745 604 1782 643 te

275 672 324 712 in
363 672 531 713 domum
570 674 710 723 tuam,
758 673 794 711 et
833 670 1056 711 manducet
1090 683 1250 722 panem
1290 672 1326 710 et
1365 670 1476 711 bibat
1514 683 1684 723 aquam.
1745 672 1784 711 et

274 740 473 781 mentitus
494 742 552 781 est
574 739 643 781 illi
665 741 703 780 et
723 738 891 780 reduxit
913 752 1021 790 eum,
1053 742 1093 780 et
1112 739 1394 780 manducauit
1406 752 1570 792 panem
1592 739 1642 780 in
1663 739 1782 780 domo

275 809 363 849 eius
394 811 430 849 et
460 808 560 849 bibit
592 821 762 860 aquam,
795 810 831 848 et
860 807 1022 859 factum
1053 811 1109 848 est
1141 808 1372 849 sedentibus
1403 808 1493 849 illis
1515 808 1571 849 ad
1592 820 1781 848 mensam

276 876 446 918 uerbum
477 876 642 917 domini
673 876 728 917 ad
752 876 1162 930 pseudoprophetam
1184 877 1257 926 qui
1279 877 1448 918 reduxit
1474 890 1579 928 eum,
1612 878 1652 917 et
1670 875 1782 917 dixit

275 945 331 987 ad
376 945 586 986 hominem
631 944 699 987 dei
735 944 807 998 qui
851 948 1027 986 uenerat
1075 959 1124 986 ex
1164 945 1280 986 Iuda
1328 946 1493 988 dicens.-
1536 945 1638 987 liaeo
1679 945 1784 987 dicit

273 1014 469 1055 dominus
505 1016 685 1066 propter
729 1013 839 1066 quod
884 1014 1140 1056 exacerbasti
1185 1013 1359 1055 uerbum
1402 1014 1566 1056 domini
1612 1017 1648 1055 et
1695 1027 1782 1055 non

274 1082 491 1124 custodisti
513 1085 786 1135 praeceptum
818 1082 928 1134 Quod
951 1083 1171 1136 praecepit
1203 1083 1278 1124 tibi
1309 1083 1504 1124 dominus
1533 1083 1634 1124 deus
1670 1085 1780 1131 tuus,

273 1153 311 1192 et
340 1151 488 1192 redisti
519 1154 555 1192 et
587 1151 858 1192 manducasti
880 1165 1042 1205 panem
1073 1154 1110 1193 et
1141 1151 1284 1193 bibisti
1316 1165 1474 1204 aquam
1505 1152 1554 1192 in
1586 1151 1780 1203 hocloco,

273 1220 322 1260 de
352 1233 430 1272 quo
463 1219 623 1261 loeutus
655 1222 713 1261 est
744 1219 801 1260 ad
820 1223 857 1261 te
879 1220 1042 1263 dicens,-
1062 1233 1150 1262 non
1172 1220 1452 1262 manducabis
1465 1233 1629 1274 panem
1650 1234 1782 1273 neque

273 1288 381 1329 bibes
411 1301 590 1340 aquam;
620 1288 711 1330 ideo
741 1301 826 1330 non
857 1288 1035 1330 intrabit
1066 1301 1219 1342 eorpus
1249 1291 1369 1330 tuum
1400 1289 1448 1330 in
1467 1291 1781 1330 monumentum

267 1359 445 1409 patrum
478 1359 656 1398 tuorum.
719 1360 756 1398 et
785 1357 946 1410 factum
967 1360 1044 1410 est,
1074 1360 1296 1411 postquam
1318 1358 1597 1399 manducauit
1622 1371 1781 1410 panem

273 1429 310 1467 et
350 1426 447 1467 bibit
487 1440 657 1479 aquam,
705 1429 740 1467 et
776 1430 1021 1468 strauerunt
1057 1427 1097 1468 ei
1134 1427 1308 1468 asinam
1345 1430 1381 1468 et
1418 1439 1610 1468 reuersus
1647 1429 1705 1468 est
1744 1429 1780 1467 et

274 1495 390 1546 abiit,
422 1498 457 1536 et
479 1495 645 1536 inuenit
676 1508 769 1536 eum
792 1495 851 1537 leo
882 1496 931 1536 in
965 1496 1039 1536 uia
1068 1498 1109 1537 et
1138 1496 1293 1537 oceidit
1322 1509 1428 1549 eum,
1462 1498 1499 1536 et
1519 1497 1611 1536 erat
1631 1507 1779 1547 eorpus

272 1564 361 1604 eius
383 1564 621 1616 proiectum
653 1564 700 1605 in
732 1564 822 1616 uia,
857 1567 893 1604 et
919 1564 1048 1606 asina
1085 1564 1222 1605 stabat
1260 1565 1318 1606 ad
1347 1578 1441 1606 eum
1475 1566 1515 1605 et
1553 1563 1611 1605 leo
1643 1563 1781 1605 stabat

273 1633 329 1673 ad
359 1646 508 1685 eorpus
538 1633 689 1686 ipsius,
712 1636 749 1675 et
770 1635 978 1675 uenerunt
1008 1633 1100 1674 uiri
1120 1634 1313 1674 ciuitatis
1335 1633 1456 1674 illius
1476 1635 1513 1673 et
1535 1631 1662 1673 locuti
1683 1635 1782 1673 sunt

273 1701 321 1741 in
358 1701 532 1743 ciuitate
570 1702 643 1743 ubi
674 1701 898 1755 prophetes
936 1702 1076 1743 senior
1120 1701 1340 1743 habitabat
1377 1702 1425 1742 in
1469 1700 1564 1752 illa,
1611 1702 1648 1742 et
1687 1713 1781 1741 eum

273 1770 490 1811 audissent
530 1771 604 1823 qui
634 1771 893 1812 reduxerant
931 1783 1024 1811 eum
1063 1770 1112 1811 de
1151 1770 1240 1819 uia,
1280 1770 1414 1811 dixit:
1458 1769 1526 1811 hie
1565 1771 1626 1810 est
1661 1768 1780 1810 homo

273 1838 339 1879 dei
370 1839 443 1891 qui
473 1838 742 1881 exacerbauit
760 1838 933 1880 uerbum
952 1839 1138 1890 domini‚·
1167 1841 1205 1880 et
1229 1838 1335 1880 abiit
1365 1841 1400 1879 et
1430 1838 1600 1879 inuenit
1631 1849 1782 1889 corpus

275 1907 363 1947 cius
392 1907 630 1959 proiectum
669 1908 717 1948 in
747 1908 834 1949 uia.
882 1911 918 1949 et
956 1909 1083 1950 asina
1120 1911 1157 1948 et
1195 1908 1254 1949 leo
1291 1908 1432 1949 stabat
1468 1920 1595 1960 super
1632 1920 1780 1959 eorpus

273 1975 362 2016 eius
401 1978 439 2015 et
469 1975 528 2016 leo
559 1989 644 2017 non
676 1976 762 2017 edit
791 1964 939 2029 eoi-pus
983 1976 1104 2018 illius
1143 1990 1271 2029 neque
1309 1976 1482 2018 insiluit
1517 1976 1566 2016 in
1598 1975 1779 2016 asinam.
1820 1995 1834 2011 π

273 2043 307 2083 si
355 2043 416 2084 1111ι
455 2044 532 2085 hoc
572 2045 934 2098 repraesentatum
975 2046 1059 2096 est,
1100 2058 1173 2087 cui·
1210 2043 1511 2086 manducasset
1547 2056 1699 2097 panem
1739 2043 1782 2083 et

272 2111 416 2163 potum
450 2113 699 2166 sumpsisset
732 2125 864 2167 aquae
895 2114 936 2155 in
966 2113 1060 2156 loco
1082 2113 1253 2167 profano
1288 2113 1398 2166 apud
1422 2112 1611 2155 homines
1635 2111 1779 2153 alieni-

272 2191 415 2232 genas,
464 2181 564 2234 quid
601 2181 719 2224 nobis
758 2182 1118 2236 repraesentatum
1157 2182 1326 2231 fuissetq
1374 2182 1409 2223 si
1446 2181 1608 2231 tecum,
1657 2192 1780 2233 quem

274 2247 429 2290 scimus
461 2249 734 2299 haereticum,
768 2263 891 2304 quem
922 2251 1115 2292 nouimus
1155 2263 1246 2292 esse
1278 2250 1522 2303 negatorem
1561 2248 1674 2290 unici
1705 2247 1779 2288 filii

1819 610 1834 635 5

1803 955 1834 979 10

1803 1296 1834 1321 15

1801 1640 1834 1665 20

276 2316 354 2367 dei,
402 2316 448 2357 ut
499 2317 782 2368 desiderabas
830 2319 1146 2372 copulassemus
1192 2318 1419 2367 amicitias,
1481 2318 1516 2358 si
1560 2316 1778 2358 uobiscum
1798 2329 1832 2354 30

274 2384 459 2427 Arrianis
491 2399 657 2439 precem
689 2386 962 2437 fudissemus,
997 2388 1031 2429 si
1070 2387 1247 2440 denique
1293 2387 1405 2439 passi
1436 2398 1509 2427 nos
1555 2384 1780 2426 fuissemus

275 2453 412 2494 omnia
458 2467 564 2507 quae
612 2455 873 2498 celebramus
914 2455 1070 2498 domini
1109 2455 1351 2497 sacerdotes
1390 2468 1485 2496 cum
1522 2453 1778 2507 pseudoepi-

275 2521 411 2574 scopis
443 2521 629 2565 Arrianis
659 2523 744 2565 tuis
783 2524 1027 2566 celebrare?
1071 2525 1232 2567 interea
1273 2524 1332 2566 sic
1371 2524 1413 2564 te
1452 2522 1580 2564 fuisse
1621 2521 1674 2562 ad
1706 2534 1779 2563 nos

275 2588 678 2633 circumscribendos
708 2592 941 2643 inmissum,
987 2593 1030 2634 ut
1070 2593 1124 2634 ad
1152 2592 1273 2634 illum
1306 2592 1373 2634 dei
1406 2591 1614 2632 hominem
1656 2589 1780 2631 fuerit

342 2711 363 2744 4
388 2712 565 2757 prophetis
660 2715 749 2749 sicut
777 2727 794 2750 v
895 2717 915 2749 5
940 2716 1063 2750 reduc*
1096 2718 1125 2760 (e
1151 2716 1261 2758 eras.)
1367 2714 1407 2748 17
1434 2714 1466 2747 ei
1491 2724 1518 2748 s.
1547 2714 1566 2747 l.
1594 2725 1637 2748 m.
1666 2716 1690 2747 2

273 2771 316 2803 26
343 2772 620 2815 representatum
655 2775 687 2815 (e
709 2783 780 2816 pro
807 2784 845 2807 ae
872 2775 913 2807 in
937 2774 1006 2808 hae
1038 2783 1127 2807 uoce
1155 2772 1384 2816 plerumque)
1530 2771 1572 2803 27
1600 2771 1780 2805 sumsisset

273 2839 316 2861 m.
345 2831 362 2862 1
459 2829 543 2871 aput
636 2828 677 2862 31
705 2830 799 2873 passi
825 2831 971 2874 scripsi,
998 2841 1119 2874 passos
1151 2830 1201 2864 Vc
1296 2828 1340 2862 32
1365 2827 1602 2862 caelebramus
