1934 3278
396 258 450 293 De
477 269 546 292 non
571 257 744 302 parcendo
770 258 807 292 in
832 256 936 291 deum
961 256 1258 302 delinquentibus.
1500 258 1583 301 227

77 399 211 428 unum
240 384 372 426 locum
403 380 518 438 apud
547 398 624 435 me,
656 385 783 426 donec
811 384 875 427 sol
895 384 1105 437 occideret,
1136 386 1185 424 ut
1203 383 1330 425 illum
1349 384 1581 437 sepelirem.

78 457 115 496 et
150 466 342 495 reuersus
381 452 474 495 laui
513 456 552 495 et
589 453 855 495 manducaui
890 453 1130 506 prandium
1159 466 1296 494 meum
1333 466 1428 494 cum
1467 453 1583 496 luctu

76 525 114 565 et
141 526 437 564 rememoratus
467 535 561 564 sum
590 535 818 564 sermonem
838 520 1072 575 prophetae
1102 521 1232 562 Amos
1270 534 1391 574 quem
1423 521 1584 564 locutus

77 594 134 634 est
159 593 207 633 in
226 591 387 642 Betha,
419 592 582 634 dicens:
611 594 908 634 conuertentur
937 590 1026 632 dies
1055 590 1152 643 festi
1182 590 1313 632 uestri
1343 590 1393 632 in
1423 591 1583 633 luctum

43 674 60 700 ⁵
75 665 113 705 et
142 663 286 704 omnia
316 662 483 704 cantica
511 665 653 704 uestra
677 661 726 701 in
757 659 1112 711 lamentationem,
1144 662 1185 701 et
1203 658 1454 702 lacrimatus
1473 673 1582 704 sum.

76 736 114 776 et
144 736 372 786 postquam
417 732 480 774 sol
526 730 696 780 occidit,
745 729 833 770 abii
862 731 901 769 et
927 728 1019 781 fodi
1059 731 1100 770 et
1135 728 1311 781 sepeliui
1355 729 1494 773 illum.
1545 733 1584 771 et

76 814 214 844 omues
252 801 447 853 proximi
490 800 572 840 mei
615 798 862 840 deridebant
899 810 963 838 me
998 797 1206 840 dicentes:
1250 798 1452 851 quomodo
1495 812 1582 840 non

78 871 193 912 timet
223 870 290 912 hic
321 869 473 911 homo?
502 869 592 910 iam
622 866 737 909 enim
764 867 998 920 inquisitus
1028 870 1090 908 est
1117 866 1245 909 huius
1272 868 1335 908 rei
1359 880 1512 909 caussa
1536 870 1584 908 ut

76 941 379 994 interficeretur
407 942 447 981 et
474 939 598 991 fuqit,
630 939 667 978 et
698 938 850 977 iterum
882 937 1054 988 sepelire
1085 938 1216 991 coepit
1244 941 1443 979 mortuos.

27 1017 59 1042 ¹⁰
132 1009 270 1051 VIIII.
305 1010 410 1052 Cum
441 1008 672 1061 conspicias
703 1007 845 1060 itaque
879 1007 946 1048 dei
979 1019 1123 1050 seruos
1153 1020 1233 1049 non
1266 1008 1451 1049 uestram
1484 1021 1583 1050 cru-

79 1079 293 1121 delitatem
324 1080 591 1134 tyrannorum
622 1089 787 1129 semper
816 1076 1009 1118 timuisse
1043 1089 1090 1118 ac
1123 1089 1230 1118 nunc
1262 1077 1414 1118 timere
1444 1089 1582 1131 posse,

78 1148 151 1190 sed
182 1148 406 1202 praecepta
435 1146 645 1199 cogitasse
679 1145 834 1187 domini
868 1158 915 1186 ac
949 1145 1150 1199 cogitare,
1192 1146 1400 1199 quomodo
1430 1147 1477 1187 tu
1509 1159 1584 1188 nos

80 1217 262 1271 dignaris
292 1215 528 1269 petulantes
568 1213 785 1255 iudicare?
832 1227 983 1267 nempe
1016 1215 1113 1268 quia
1143 1214 1324 1256 faciente
1358 1215 1435 1256 deo
1464 1216 1585 1258 tuam

77 1286 288 1328 calcemus
319 1284 365 1324 ut
395 1283 531 1323 lutum
563 1283 807 1336 potentiam.
845 1284 922 1325 hoc
954 1295 1034 1325 non
1066 1283 1226 1325 faciunt
1256 1284 1369 1325 uires
1400 1285 1582 1335 nostrae,

30 1367 60 1393 ιο
77 1354 151 1397 sed
181 1352 327 1394 tribuit
356 1351 470 1392 illius
501 1351 792 1393 misericordia
821 1364 946 1405 quem
969 1352 1155 1393 execrari
1180 1351 1365 1406 dignaris
1387 1353 1428 1393 in
1450 1353 1581 1395 nobis.

79 1422 178 1464 dicit
210 1421 312 1462 deus
345 1419 397 1460 ad
429 1420 694 1461 Ezechielem
725 1421 994 1474 prophetam:
1042 1421 1126 1474 filii
1153 1421 1357 1474 hominis,
1396 1422 1515 1463 mitto
1545 1425 1584 1464 te

75 1491 131 1532 ad
160 1490 324 1531 domum
358 1488 508 1542 Israel,
540 1490 642 1542 quia
673 1490 1023 1531 amaricauerunt
1061 1504 1124 1532 me
1161 1491 1248 1543 ipsi
1278 1494 1317 1533 et
1341 1494 1487 1543 patres
1516 1503 1582 1532 eo-

75 1572 168 1600 rum
197 1571 327 1610 usque
358 1558 404 1599 iu
434 1557 680 1600 hodiernum
711 1558 836 1600 diem.
883 1561 923 1600 et
951 1559 1062 1602 dices
1092 1560 1151 1601 ad
1180 1560 1300 1603 illos.-
1344 1560 1444 1602 haec
1481 1560 1585 1601 dicit

73 1628 281 1680 dominus,
312 1628 350 1669 si
381 1627 599 1668 audierint
619 1629 696 1668 aut
716 1627 1036 1680 trepidauerint⁷
1064 1629 1266 1681 quoniam
1288 1629 1437 1670 domus
1457 1642 1580 1670 ama-

25 1698 217 1738 wricans
253 1699 330 1746 est,
379 1700 416 1739 et
452 1700 693 1751 coquoscent
732 1698 934 1750 quoniam
970 1697 1183 1750 propheta
1217 1711 1259 1738 es
1288 1700 1335 1738 tu
1365 1698 1414 1738 in
1446 1698 1581 1739 medio

72 1779 226 1808 eorum.
258 1771 295 1807 et
324 1769 383 1820 tu,
413 1765 480 1819 fili
510 1766 706 1820 hominis,
739 1780 791 1808 ne
823 1766 1015 1807 timueris
1044 1779 1110 1808 eos
1138 1780 1268 1820 neque
1298 1767 1583 1819 trepidaueris

73 1848 99 1876 a
128 1835 237 1888 facie
265 1848 419 1888 eorum,
464 1835 665 1888 quoniam
696 1835 1015 1887 effuriabuntur
1045 1838 1082 1876 et
1111 1838 1363 1877 concurrent
1390 1849 1517 1889 super
1546 1838 1584 1877 te

73 1905 120 1946 in
158 1905 341 1947 circuitu
379 1907 415 1945 et
455 1904 503 1945 in
543 1904 677 1946 medio
713 1904 984 1957 scorpionum
1015 1906 1061 1944 tu
1091 1903 1332 1955 inhabitas‚·
1376 1917 1584 1946 sermones

72 1987 215 2017 eorum
244 1987 296 2015 ne
325 1974 515 2015 timueris
545 1977 582 2015 et
611 1987 637 2014 a
666 1973 776 2026 facie
807 1986 950 2015 eorum
979 1986 1032 2014 ne
1053 1973 1349 2027 trepidaueris‚
1382 1973 1583 2027 quoniam

26 2054 57 2080 2⁵
72 2045 219 2087 domus
249 2044 498 2086 amaricans
527 2046 598 2086 est.
638 2047 676 2086 et
707 2043 889 2097 loqueris
919 2042 1047 2085 uerba
1078 2057 1170 2084 mea
1201 2043 1258 2085 ad
1289 2056 1369 2098 eos,
1407 2044 1445 2085 si
1475 2043 1581 2096 forte

75 2113 292 2155 audierint
321 2112 389 2155 uel
418 2113 682 2168 expaverint,
714 2114 918 2166 quoniam
938 2113 1086 2155 domus
1109 2113 1357 2154 amaricans
1374 2116 1443 2154 est.
1477 2125 1580 2155 con-

73 2183 263 2224 tumaces
292 2182 487 2224 uidemur
515 2182 606 2231 tibi,
638 2182 688 2223 ut
715 2182 796 2224 iste
830 2181 908 2226 deo
940 2182 1018 2223 soli
1051 2182 1216 2223 dicatus
1237 2182 1462 2224 uidebatur
1483 2196 1581 2236 pro-

75 2251 200 2304 pheta
230 2252 328 2301 illis,
362 2264 538 2306 quorum
567 2252 614 2293 tu
635 2252 832 2293 tenebras
855 2251 1063 2305 sequeris;
1099 2263 1247 2304 nempe
1269 2250 1362 2292 hinc
1386 2251 1584 2294 Ezechiel

74 2320 276 2374 propheta
306 2320 418 2374 apud
449 2320 630 2362 Iudaeos
661 2321 930 2374 coapostatas
961 2321 1058 2362 tuos
1093 2320 1337 2371 contumax,
1379 2321 1475 2362 hinc
1508 2334 1582 2362 su-

25 2388 226 2441 superbus
256 2390 426 2443 regibus
458 2390 682 2431 uidebatur
713 2389 867 2439 Israel,
919 2389 1018 2442 quia
1049 2388 1204 2430 domini
1235 2388 1430 2441 impleret
1459 2401 1582 2430 man-

77 2455 187 2507 data,
219 2458 290 2511 qui
323 2458 481 2500 eisdem
508 2458 751 2512 loqueretur
773 2470 880 2511 quae
902 2458 1188 2511 praecepisset
1211 2469 1305 2498 eum
1326 2456 1441 2510 loqui
1465 2456 1581 2499 deus.

75 2527 188 2568 recte
219 2539 293 2568 nos
336 2527 537 2580 superbos
580 2526 791 2580 appellas,
839 2538 912 2568 nos
943 2538 1017 2579 per
1048 2538 1151 2579 quos
1184 2525 1322 2567 omnia
1358 2526 1583 2579 praecepta

214 2685 255 2719 16
280 2685 338 2719 Ez.
365 2685 397 2725 2,
424 2686 513 2720 3-7

147 2820 163 2854 1
191 2822 276 2865 aput
391 2821 413 2855 3
437 2832 631 2857 sermonem
657 2823 804 2868 scripsi,
831 2833 1027 2857 sermonum
1058 2823 1108 2858 Vv
1218 2833 1303 2867 quos
1329 2833 1348 2857 v
1459 2822 1499 2856 11
1527 2824 1581 2866 ac]

78 2885 142 2911 uec
164 2878 224 2913 uel
248 2879 309 2912 aut
334 2883 518 2923 exspectes
614 2879 657 2915 16
681 2880 747 2915 filii
772 2891 816 2915 m.
844 2884 861 2915 l
955 2879 1000 2914 29
1026 2881 1276 2925 quoapostatas
1369 2878 1415 2913 30
1438 2879 1582 2924 implere

1381 2948 1446 2982 15*
