1934 3278
323 178 402 219 168
971 173 1168 207 Luciferi

325 305 364 343 et
383 301 631 353 custodiunt,
661 299 872 340 exciderat
894 299 1009 340 cordi
1029 299 1092 339 issi
1112 299 1184 340 tuo
1209 311 1393 340 errorum
1414 299 1605 340 contecto
1627 299 1823 350 tenebris,

326 372 374 412 ut
401 371 566 412 iuberes
600 368 787 410 damnari
818 367 1110 408 innocentem?
1158 367 1237 409 nisi
1278 367 1399 408 fallor
1440 368 1592 409 etenim
1632 368 1742 409 omni
1780 368 1821 408 in

326 440 418 481 loco
455 439 522 480 lex
569 451 688 479 sacra
733 436 999 477 innocentem
1047 436 1089 476 et
1132 436 1290 477 iustum
1338 449 1417 477 non
1464 435 1825 478 condemnandum

326 508 520 561 loquitur.
575 508 615 547 et
645 506 802 547 idcirco
836 504 904 557 qui
936 505 1038 546 haec
1072 505 1162 546 fieri
1195 505 1339 546 contra
1363 504 1430 545 dei
1460 504 1670 546 mandasti
1700 517 1824 557 prae-

330 577 509 630 ceptum,
556 588 683 616 unum
728 574 770 614 te
810 574 1012 614 habemus
1054 586 1101 614 ex
1140 574 1224 615 illis
1272 586 1374 626 quos
1408 573 1599 614 dominus
1642 572 1824 626 percutit
1863 583 1878 606 5

325 646 366 686 in
390 644 628 697 euangelio:
661 657 740 684 uae
761 643 891 694 uobis,
924 643 1084 684 scribae
1105 645 1143 683 et
1161 643 1403 693 Pharisaei,
1434 642 1535 694 quia
1556 644 1824 683 monumenta

327 714 420 756 estis
450 727 556 766 quae
587 725 670 752 wion
690 714 860 763 parent,
893 714 931 752 et
961 711 1148 753 homines
1179 712 1375 753 nesciunt
1404 712 1670 753 ambulantes
1701 723 1826 762 super

327 796 387 823 ea.
434 780 677 822 nesciebant
717 780 885 832 quidem
923 779 998 829 illi,
1041 793 1144 832 quos
1184 780 1235 820 ad
1274 780 1315 820 te
1356 780 1607 833 sacrilegum
1644 778 1826 819 inlexisti

330 849 565 898 amandum,
610 848 678 901 qui
708 860 781 900 per
813 848 986 889 conatus
1025 848 1119 889 tuos
1151 861 1229 889 non
1262 848 1630 890 considerauerant
1659 848 1701 888 te
1736 859 1825 888 esse

326 918 639 960 monumentum
663 916 853 958 omnibus
874 916 1134 957 inmunditiis
1151 917 1341 969 plenum3
1367 917 1674 958 arbitrabantur
1695 915 1825 956 homi—

326 1000 432 1028 nem.
466 988 651 1028 ceterum
673 998 760 1035 nos,
786 985 928 1026 statim
950 985 997 1025 ut
1018 985 1192 1038 coepisti
1212 985 1416 1038 episcopis
1432 986 1627 1039 inponere
1645 983 1825 1026 necessi-

321 1058 452 1099 tatem
474 1055 700 1097 damnandi
724 1055 950 1104 absentem,
973 1054 1070 1095 ilico
1095 1054 1272 1095 diximus
1298 1055 1340 1095 te
1358 1055 1588 1096 iniustitiae
1607 1056 1824 1099 cultorem,

323 1126 508 1168 iustitiae
550 1136 650 1165 uero
694 1135 784 1164 esse
816 1123 1139 1176 persecutorem.
1195 1123 1297 1164 item
1337 1136 1431 1165 cum
1470 1125 1512 1165 te
1552 1137 1825 1178 urgueremus

323 1194 452 1248 legati
482 1205 556 1234 nos
586 1192 736 1233 beatae
770 1191 973 1233 ecclesiae
1009 1192 1168 1233 sectam
1202 1192 1483 1234 damnandam
1514 1193 1623 1234 Arrii
1648 1195 1688 1235 et
1708 1195 1825 1236 illam

323 1263 458 1316 magis
491 1261 629 1302 dixisti
672 1272 763 1301 esse
796 1260 1060 1310 catholicam,
1100 1261 1486 1313 praenuntiauimus
1517 1262 1559 1302 te
1593 1262 1825 1305 antichristi

323 1331 450 1374 fuisse
480 1341 807 1384 praecursorem.

377 1402 471 1442 XII.
522 1399 626 1442 Cum
672 1398 866 1452 persequi
916 1398 1173 1441 Christianos
1223 1399 1420 1453 dignaris,
1468 1412 1564 1441 cum
1609 1400 1824 1451 interficis,

324 1469 503 1512 similem
533 1469 588 1517 te,
623 1467 854 1518 Constanti,
897 1468 1064 1509 illorum
1097 1468 1214 1519 facis,
1257 1469 1309 1509 ad
1342 1481 1444 1522 quos
1477 1469 1668 1511 dominus
1702 1470 1824 1512 dicit:

323 1552 403 1581 uae
440 1537 558 1579 uobis
598 1537 670 1589 qui·
716 1538 953 1591 aedificatis
999 1540 1271 1579 monumenta
1312 1537 1637 1593 prophetarum,
1679 1542 1826 1591 patres

322 1610 460 1649 autem
490 1605 622 1648 uestri
652 1606 893 1648 occiderunt
914 1606 1020 1648 illos.
1055 1620 1147 1661 eryo
1170 1607 1453 1648 testimouium
1467 1607 1708 1660 perhibetis,
1741 1622 1826 1650 uon

328 1677 625 1718 eonsentientes
655 1675 849 1728 operibus
863 1679 1043 1729 patrum
1064 1680 1311 1730 uestrorum,
1344 1677 1547 1729 quoniam
1569 1676 1638 1718 illi
1659 1677 1825 1729 quidem

325 1745 565 1787 oeciderunt
593 1757 666 1798 eos,
705 1758 780 1786 uos
817 1747 958 1786 autem
998 1746 1258 1799 aedificastis
1288 1745 1483 1798 sepulcra
1512 1746 1687 1788 eorum?
1733 1746 1824 1788 ideo

323 1815 441 1855 mitto
451 1812 684 1866 prophetas
705 1816 741 1854 et
762 1813 979 1868 apostolos,
1010 1817 1047 1855 ct
1068 1828 1117 1855 ex
1138 1814 1229 1856 illis
1251 1814 1434 1856 occiderit
1456 1817 1492 1855 et
1507 1816 1824 1867 persequentur,

321 1885 372 1924 ut
398 1882 649 1935 inquiratur
677 1883 856 1935 sanquis
886 1884 1023 1924 omnis
1054 1882 1364 1936 prophetarum
1403 1884 1476 1937 qui
1515 1884 1672 1936 effusus
1711 1886 1770 1925 est
1799 1897 1826 1924 a

322 1951 611 1993 constitutione
641 1951 793 1991 mundi
825 1964 952 2004 usque
983 1952 1040 1992 ad
1059 1953 1371 2006 yeueratioriem
1394 1952 1532 2002 istam,
1564 1966 1591 1993 a
1616 1953 1826 2005 sanquine

323 2020 427 2062 Abel
456 2032 585 2072 usque
616 2021 672 2061 ad
702 2020 957 2073 sanquinem
989 2020 1242 2072 Zachariae,
1274 2021 1350 2074 qui
1372 2022 1510 2074 periit
1540 2022 1654 2062 inter
1684 2021 1823 2063 altare

323 2092 364 2131 et
391 2089 546 2132 aedem.
578 2089 643 2130 ita
671 2088 764 2131 dieo
795 2089 934 2131 uobis:
965 2090 1201 2142 requiretur
1231 2090 1282 2130 ab
1312 2089 1391 2131 hac
1409 2091 1688 2144 yeueratione.
1733 2102 1824 2131 esse

324 2171 371 2200 ex
401 2157 486 2199 illis
517 2157 611 2198 hinc
634 2157 904 2211 intellegeris,
940 2158 1051 2211 quod
1084 2158 1204 2207 enim,
1239 2170 1335 2198 cum
1367 2158 1423 2200 sis
1454 2158 1677 2200 memorias
1708 2171 1823 2199 mar-

324 2226 461 2282 tyrum
500 2226 718 2268 beatorum
757 2226 1007 2276 instaurans,
1054 2227 1196 2268 tamen
1235 2239 1451 2268 seruorum
1489 2227 1601 2268 unici
1640 2226 1716 2267 filii
1757 2226 1824 2267 dei

1848 926 1880 950 10

1847 1273 1878 1298 15

1845 1615 1878 1640 20

1844 1956 1876 1983 25

322 2306 512 2336 cruorem
542 2294 704 2336 fundas.
737 2295 841 2345 redi,
876 2295 1107 2346 Constanti,
1143 2295 1194 2336 ad
1229 2295 1398 2336 domum
1421 2295 1501 2346 dei,
1536 2295 1625 2336 esto
1649 2294 1822 2337 Christi-
1843 2298 1876 2323 ³⁰

455 2431 474 2464 6
500 2429 581 2464 Luc.
609 2430 662 2470 11,
688 2430 733 2464 44
828 2430 869 2464 19
895 2430 942 2464 ib.
969 2431 1023 2470 11,
1049 2430 1182 2464 47—51

389 2543 404 2576 1
432 2542 635 2577 custodiunt
659 2543 745 2577 illud
770 2555 790 2578 υ
884 2545 1044 2578 contecto
1070 2544 1207 2588 scripsi
1234 2545 1300 2588 (au
1324 2544 1546 2578 circumtecto
1556 2544 1601 2587 Ρ),
1625 2545 1761 2579 umecto
1785 2545 1825 2585 V,

321 2613 436 2647 uincto
460 2623 481 2646 v
575 2611 595 2644 3
614 2610 939 2657 condempnandum
1031 2613 1053 2646 4
1079 2594 1145 2658 qui·
1157 2615 1183 2657 (⁸
1205 2625 1251 2647 m.
1268 2614 1353 2657 ree.)
1449 2613 1471 2647 9
1488 2614 1633 2647 conatos
1650 2624 1694 2647 m.
1712 2616 1733 2647 1

323 2670 366 2706 14
387 2669 455 2704 illa·
541 2668 585 2702 20
609 2679 679 2702 non
702 2669 764 2710 Vv,
789 2678 851 2703 uos
876 2669 969 2703 corii.
997 2669 1197 2709 Latiuius3
1224 2669 1290 2704 sed
1312 2679 1384 2703 non
1410 2679 1438 2703 c.
1463 2669 1560 2704 idem
1577 2673 1631 2704 est
1648 2681 1692 2704 ac
1710 2679 1824 2704 nonne

322 2726 552 2763 consentitis?
691 2725 734 2759 27
769 2737 843 2760 csse
875 2728 909 2761 V
934 2738 977 2762 m.
1010 2731 1042 2771 1,
1075 2729 1115 2761 tu
1147 2729 1264 2761 autem
1297 2738 1373 2761 esse
1404 2728 1438 2762 V
1464 2737 1510 2761 m.
1543 2737 1612 2761 rec.
1645 2730 1681 2761 et
1713 2738 1734 2761 v

321 2786 364 2821 28
388 2784 479 2819 enjm
504 2794 570 2818 om.
597 2795 617 2817 v
