<?xml version="1.0" encoding="UTF-8"?>
<!DOCTYPE html PUBLIC "-//W3C//DTD XHTML 1.0 Transitional//EN"
    "http://www.w3.org/TR/xhtml1/DTD/xhtml1-transitional.dtd">
<html xmlns="http://www.w3.org/1999/xhtml" xml:lang="en" lang="en">
 <head>
  <title>
</title>
<meta http-equiv="Content-Type" content="text/html;charset=utf-8" />
  <meta name='ocr-system' content='tesseract 3.04.00' />
  <meta name='ocr-capabilities' content='ocr_page ocr_carea ocr_par ocr_line ocrx_word'/>
</head>
<body>
  <div class='ocr_page' id='page_1' title='image "./corpusscriptorum14luciuoft_0252.png"; bbox 0 0 1934 3278; ppageno 0'>
   <div class='ocr_carea' id='block_1_1' title="bbox 331 224 1186 268">
    <p class='ocr_par' dir='ltr' id='par_1_1' title="bbox 331 224 1186 268">
     <span class='ocr_line' id='line_1_1' title="bbox 331 224 1186 268; baseline -0.011 -1"><span class='ocrx_word' id='word_1_1' title='bbox 331 225 414 268; x_wconf 74' lang='grc'>200</span> <span class='ocrx_word' id='word_1_2' title='bbox 990 224 1186 260; x_wconf 79' lang='lat' dir='ltr'><strong>Luciferi</strong></span> 
     </span>
    </p>
   </div>
   <div class='ocr_carea' id='block_1_2' title="bbox 321 350 1836 2335">
    <p class='ocr_par' dir='ltr' id='par_1_2' title="bbox 321 350 1836 2335">
     <span class='ocr_line' id='line_1_2' title="bbox 331 350 1835 406; baseline 0 -12"><span class='ocrx_word' id='word_1_3' title='bbox 331 352 431 402; x_wconf 77' lang='lat' dir='ltr'>lata,</span> <span class='ocrx_word' id='word_1_4' title='bbox 464 353 543 394; x_wconf 91' lang='lat' dir='ltr'>nisi</span> <span class='ocrx_word' id='word_1_5' title='bbox 577 353 674 406; x_wconf 88' lang='lat' dir='ltr'>quia</span> <span class='ocrx_word' id='word_1_6' title='bbox 706 352 762 393; x_wconf 88' lang='lat' dir='ltr'>sis</span> <span class='ocrx_word' id='word_1_7' title='bbox 795 364 843 393; x_wconf 83' lang='lat' dir='ltr'>ex</span> <span class='ocrx_word' id='word_1_8' title='bbox 874 351 1056 393; x_wconf 86' lang='lat' dir='ltr'>inimicis</span> <span class='ocrx_word' id='word_1_9' title='bbox 1088 351 1224 393; x_wconf 86' lang='lat' dir='ltr'>crucis</span> <span class='ocrx_word' id='word_1_10' title='bbox 1258 351 1426 401; x_wconf 76' lang='lat' dir='ltr'>Christi,</span> <span class='ocrx_word' id='word_1_11' title='bbox 1461 364 1508 392; x_wconf 83' lang='lat' dir='ltr'>ex</span> <span class='ocrx_word' id='word_1_12' title='bbox 1538 350 1624 393; x_wconf 89' lang='lat' dir='ltr'>illis</span> <span class='ocrx_word' id='word_1_13' title='bbox 1656 352 1725 405; x_wconf 93' lang='lat' dir='ltr'>qui</span> <span class='ocrx_word' id='word_1_14' title='bbox 1750 352 1835 394; x_wconf 90' lang='lat' dir='ltr'>iam</span> 
     </span>
     <span class='ocr_line' id='line_1_3' title="bbox 330 420 1833 475; baseline 0.001 -13"><span class='ocrx_word' id='word_1_15' title='bbox 330 422 427 462; x_wconf 85' lang='lat' dir='ltr'>tune</span> <span class='ocrx_word' id='word_1_16' title='bbox 463 421 671 475; x_wconf 84' lang='lat' dir='ltr'>designati</span> <span class='ocrx_word' id='word_1_17' title='bbox 703 420 877 462; x_wconf 81' lang='lat' dir='ltr'>fueratis</span> <span class='ocrx_word' id='word_1_18' title='bbox 910 432 978 462; x_wconf 88' lang='lat' dir='ltr'>ore</span> <span class='ocrx_word' id='word_1_19' title='bbox 1012 421 1144 461; x_wconf 84' lang='lat' dir='ltr'>sancti</span> <span class='ocrx_word' id='word_1_20' title='bbox 1169 420 1374 473; x_wconf 75' lang='lat' dir='ltr'>apostoli?</span> <span class='ocrx_word' id='word_1_21' title='bbox 1403 420 1500 461; x_wconf 89' lang='lat' dir='ltr'>tene</span> <span class='ocrx_word' id='word_1_22' title='bbox 1526 433 1571 462; x_wconf 85' lang='lat' dir='ltr'>ac</span> <span class='ocrx_word' id='word_1_23' title='bbox 1593 421 1688 462; x_wconf 90' lang='lat' dir='ltr'>tuos</span> <span class='ocrx_word' id='word_1_24' title='bbox 1713 421 1833 463; x_wconf 85' lang='lat' dir='ltr'>audi-</span> 
     </span>
     <span class='ocr_line' id='line_1_4' title="bbox 330 487 1834 541; baseline 0.003 -13"><span class='ocrx_word' id='word_1_25' title='bbox 330 500 484 538; x_wconf 77' lang='lat' dir='ltr'>remus,</span> <span class='ocrx_word' id='word_1_26' title='bbox 519 501 694 541; x_wconf 89' lang='lat' dir='ltr'>quorum</span> <span class='ocrx_word' id='word_1_27' title='bbox 724 487 850 528; x_wconf 90' lang='lat' dir='ltr'>finem</span> <span class='ocrx_word' id='word_1_28' title='bbox 884 487 986 528; x_wconf 82' lang='lat' dir='ltr'>dicit</span> <span class='ocrx_word' id='word_1_29' title='bbox 1020 487 1232 540; x_wconf 88' lang='lat' dir='ltr'>apostolus</span> <span class='ocrx_word' id='word_1_30' title='bbox 1266 498 1356 528; x_wconf 88' lang='lat' dir='ltr'>esse</span> <span class='ocrx_word' id='word_1_31' title='bbox 1388 487 1634 530; x_wconf 79' lang='lat' dir='ltr'>interitum?</span> <span class='ocrx_word' id='word_1_32' title='bbox 1665 490 1711 530; x_wconf 89' lang='lat' dir='ltr'>ut</span> <span class='ocrx_word' id='word_1_33' title='bbox 1740 490 1834 532; x_wconf 87' lang='lat' dir='ltr'>illos</span> 
     </span>
     <span class='ocr_line' id='line_1_5' title="bbox 330 555 1834 611; baseline 0.001 -13"><span class='ocrx_word' id='word_1_34' title='bbox 330 558 424 598; x_wconf 89' lang='lat' dir='ltr'>tuos</span> <span class='ocrx_word' id='word_1_35' title='bbox 457 557 662 598; x_wconf 70' lang='lat' dir='ltr'>satellites</span> <span class='ocrx_word' id='word_1_36' title='bbox 695 557 763 610; x_wconf 89' lang='lat' dir='ltr'>qui</span> <span class='ocrx_word' id='word_1_37' title='bbox 797 556 1134 609; x_wconf 71' lang='lat' dir='ltr'>derelinquentes</span> <span class='ocrx_word' id='word_1_38' title='bbox 1166 555 1343 597; x_wconf 88' lang='lat' dir='ltr'>formam</span> <span class='ocrx_word' id='word_1_39' title='bbox 1364 556 1565 598; x_wconf 81' lang='lat' dir='ltr'>traditam</span> <span class='ocrx_word' id='word_1_40' title='bbox 1590 557 1834 611; x_wconf 84' lang='lat' dir='ltr'>disciplinae</span> 
     </span>
     <span class='ocr_line' id='line_1_6' title="bbox 333 624 1836 680; baseline 0.001 -14"><span class='ocrx_word' id='word_1_41' title='bbox 333 627 374 667; x_wconf 88' lang='lat' dir='ltr'>et</span> <span class='ocrx_word' id='word_1_42' title='bbox 403 626 594 679; x_wconf 78' lang='lat' dir='ltr'>regulam</span> <span class='ocrx_word' id='word_1_43' title='bbox 625 625 724 666; x_wconf 90' lang='lat' dir='ltr'>fidei</span> <span class='ocrx_word' id='word_1_44' title='bbox 755 637 828 678; x_wconf 81' lang='lat' dir='ltr'>per</span> <span class='ocrx_word' id='word_1_45' title='bbox 862 625 1072 678; x_wconf 87' lang='lat' dir='ltr'>apostolos</span> <span class='ocrx_word' id='word_1_46' title='bbox 1114 624 1192 666; x_wconf 85' lang='lat' dir='ltr'>tibi</span> <span class='ocrx_word' id='word_1_47' title='bbox 1225 624 1359 665; x_wconf 89' lang='lat' dir='ltr'>semet</span> <span class='ocrx_word' id='word_1_48' title='bbox 1397 625 1530 678; x_wconf 83' lang='lat' dir='ltr'>turpis</span> <span class='ocrx_word' id='word_1_49' title='bbox 1561 625 1667 667; x_wconf 78' lang='lat' dir='ltr'>lucri</span> <span class='ocrx_word' id='word_1_50' title='bbox 1698 627 1836 680; x_wconf 84' lang='lat' dir='ltr'>gratia</span> 
     </span>
     <span class='ocr_line' id='line_1_7' title="bbox 331 693 1835 748; baseline 0.001 -13"><span class='ocrx_word' id='word_1_51' title='bbox 331 694 594 745; x_wconf 69' lang='lat' dir='ltr'>tradiderint,</span> <span class='ocrx_word' id='word_1_52' title='bbox 627 694 722 735; x_wconf 91' lang='lat' dir='ltr'>illos</span> <span class='ocrx_word' id='word_1_53' title='bbox 755 694 824 747; x_wconf 89' lang='lat' dir='ltr'>qui</span> <span class='ocrx_word' id='word_1_54' title='bbox 856 694 950 747; x_wconf 86' lang='lat' dir='ltr'>plus</span> <span class='ocrx_word' id='word_1_55' title='bbox 981 706 1152 735; x_wconf 90' lang='lat' dir='ltr'>mensae</span> <span class='ocrx_word' id='word_1_56' title='bbox 1183 693 1282 734; x_wconf 88' lang='lat' dir='ltr'>tuae</span> <span class='ocrx_word' id='word_1_57' title='bbox 1315 693 1457 746; x_wconf 83' lang='lat' dir='ltr'>copias</span> <span class='ocrx_word' id='word_1_58' title='bbox 1488 694 1679 736; x_wconf 78' lang='lat' dir='ltr'>fecerunt</span> <span class='ocrx_word' id='word_1_59' title='bbox 1711 708 1835 748; x_wconf 89' lang='lat' dir='ltr'>quam</span> 
     </span>
     <span class='ocr_line' id='line_1_8' title="bbox 332 762 1835 816; baseline 0 -10"><span class='ocrx_word' id='word_1_60' title='bbox 332 777 382 806; x_wconf 84' lang='lat' dir='ltr'>ea</span> <span class='ocrx_word' id='word_1_61' title='bbox 415 776 520 816; x_wconf 86' lang='lat' dir='ltr'>quae</span> <span class='ocrx_word' id='word_1_62' title='bbox 552 763 760 816; x_wconf 88' lang='lat' dir='ltr'>promittit</span> <span class='ocrx_word' id='word_1_63' title='bbox 793 763 878 804; x_wconf 90' lang='lat' dir='ltr'>suis</span> <span class='ocrx_word' id='word_1_64' title='bbox 911 763 1115 813; x_wconf 76' lang='lat' dir='ltr'>dominus,</span> <span class='ocrx_word' id='word_1_65' title='bbox 1162 762 1258 804; x_wconf 88' lang='lat' dir='ltr'>illos</span> <span class='ocrx_word' id='word_1_66' title='bbox 1299 762 1368 816; x_wconf 91' lang='lat' dir='ltr'>qui</span> <span class='ocrx_word' id='word_1_67' title='bbox 1405 763 1467 804; x_wconf 88' lang='lat' dir='ltr'>tui</span> <span class='ocrx_word' id='word_1_68' title='bbox 1509 776 1599 806; x_wconf 91' lang='lat' dir='ltr'>esse</span> <span class='ocrx_word' id='word_1_69' title='bbox 1632 764 1835 806; x_wconf 80' lang='lat' dir='ltr'>conuiuae</span> 
     </span>
     <span class='ocr_line' id='line_1_9' title="bbox 332 832 1836 887; baseline 0 -13"><span class='ocrx_word' id='word_1_70' title='bbox 332 833 565 887; x_wconf 79' lang='lat' dir='ltr'>delegerint</span> <span class='ocrx_word' id='word_1_71' title='bbox 597 845 722 886; x_wconf 86' lang='lat' dir='ltr'>quam</span> <span class='ocrx_word' id='word_1_72' title='bbox 752 832 1084 885; x_wconf 79' lang='lat' dir='ltr'>patriarcharum</span> <span class='ocrx_word' id='word_1_73' title='bbox 1124 832 1422 885; x_wconf 85' lang='lat' dir='ltr'>prophetarum</span> <span class='ocrx_word' id='word_1_74' title='bbox 1455 832 1736 886; x_wconf 86' lang='lat' dir='ltr'>apostolorum</span> <span class='ocrx_word' id='word_1_75' title='bbox 1767 833 1836 874; x_wconf 89' lang='lat' dir='ltr'>uel</span> 
     </span>
     <span class='ocr_line' id='line_1_10' title="bbox 331 900 1832 956; baseline 0.001 -14"><span class='ocrx_word' id='word_1_76' title='bbox 331 903 573 956; x_wconf 77' lang='lat' dir='ltr'>martyrum,</span> <span class='ocrx_word' id='word_1_77' title='bbox 609 901 661 942; x_wconf 83' lang='lat' dir='ltr'>ad</span> <span class='ocrx_word' id='word_1_78' title='bbox 688 913 790 954; x_wconf 87' lang='lat' dir='ltr'>quos</span> <span class='ocrx_word' id='word_1_79' title='bbox 816 901 966 942; x_wconf 85' lang='lat' dir='ltr'>dicitur</span> <span class='ocrx_word' id='word_1_80' title='bbox 997 900 1256 942; x_wconf 75' lang='lat' dir='ltr'>rectissime:</span> <span class='ocrx_word' id='word_1_81' title='bbox 1289 904 1423 942; x_wconf 85' lang='lat' dir='ltr'>uester</span> <span class='ocrx_word' id='word_1_82' title='bbox 1452 902 1554 943; x_wconf 84' lang='lat' dir='ltr'>deus</span> <span class='ocrx_word' id='word_1_83' title='bbox 1584 905 1735 944; x_wconf 85' lang='lat' dir='ltr'>uenter</span> <span class='ocrx_word' id='word_1_84' title='bbox 1765 906 1832 944; x_wconf 86' lang='lat' dir='ltr'>est.</span> 
     </span>
     <span class='ocr_line' id='line_1_11' title="bbox 331 970 1836 1023; baseline 0.001 -12"><span class='ocrx_word' id='word_1_85' title='bbox 331 972 583 1022; x_wconf 76' lang='lat' dir='ltr'>examinate,</span> <span class='ocrx_word' id='word_1_86' title='bbox 619 970 720 1011; x_wconf 80' lang='lat' dir='ltr'>dicit</span> <span class='ocrx_word' id='word_1_87' title='bbox 753 970 980 1023; x_wconf 80' lang='lat' dir='ltr'>apostolus,</span> <span class='ocrx_word' id='word_1_88' title='bbox 1022 970 1176 1012; x_wconf 84' lang='lat' dir='ltr'>bonum</span> <span class='ocrx_word' id='word_1_89' title='bbox 1207 970 1423 1019; x_wconf 83' lang='lat' dir='ltr'>continete,</span> <span class='ocrx_word' id='word_1_90' title='bbox 1467 970 1519 1011; x_wconf 84' lang='lat' dir='ltr'>ab</span> <span class='ocrx_word' id='word_1_91' title='bbox 1559 971 1675 1012; x_wconf 85' lang='lat' dir='ltr'>omni</span> <span class='ocrx_word' id='word_1_92' title='bbox 1705 972 1836 1023; x_wconf 70' lang='lat' dir='ltr'>specie</span> 
     </span>
     <span class='ocr_line' id='line_1_12' title="bbox 331 1039 1834 1093; baseline 0 -13"><span class='ocrx_word' id='word_1_93' title='bbox 331 1040 449 1081; x_wconf 78' lang='lat' dir='ltr'>mala</span> <span class='ocrx_word' id='word_1_94' title='bbox 480 1040 681 1082; x_wconf 82' lang='lat' dir='ltr'>continete</span> <span class='ocrx_word' id='word_1_95' title='bbox 719 1052 815 1090; x_wconf 78' lang='lat' dir='ltr'>uos;</span> <span class='ocrx_word' id='word_1_96' title='bbox 867 1040 907 1080; x_wconf 89' lang='lat' dir='ltr'>et</span> <span class='ocrx_word' id='word_1_97' title='bbox 947 1039 1044 1092; x_wconf 86' lang='lat' dir='ltr'>quia</span> <span class='ocrx_word' id='word_1_98' title='bbox 1084 1039 1315 1080; x_wconf 88' lang='lat' dir='ltr'>uiderimus</span> <span class='ocrx_word' id='word_1_99' title='bbox 1355 1039 1627 1080; x_wconf 81' lang='lat' dir='ltr'>maledictam</span> <span class='ocrx_word' id='word_1_100' title='bbox 1668 1052 1834 1093; x_wconf 86' lang='lat' dir='ltr'>operam</span> 
     </span>
     <span class='ocr_line' id='line_1_13' title="bbox 329 1108 1832 1162; baseline -0.001 -12"><span class='ocrx_word' id='word_1_101' title='bbox 329 1109 515 1150; x_wconf 88' lang='lat' dir='ltr'>uestram</span> <span class='ocrx_word' id='word_1_102' title='bbox 538 1108 807 1150; x_wconf 81' lang='lat' dir='ltr'>Arrianorum</span> <span class='ocrx_word' id='word_1_103' title='bbox 831 1109 872 1149; x_wconf 92' lang='lat' dir='ltr'>et</span> <span class='ocrx_word' id='word_1_104' title='bbox 894 1108 1183 1158; x_wconf 78' lang='lat' dir='ltr'>uitauerimus,</span> <span class='ocrx_word' id='word_1_105' title='bbox 1208 1108 1302 1149; x_wconf 90' lang='lat' dir='ltr'>odio</span> <span class='ocrx_word' id='word_1_106' title='bbox 1324 1108 1576 1150; x_wconf 87' lang='lat' dir='ltr'>laboramus.</span> <span class='ocrx_word' id='word_1_107' title='bbox 1611 1109 1685 1150; x_wconf 92' lang='lat' dir='ltr'>sed</span> <span class='ocrx_word' id='word_1_108' title='bbox 1709 1121 1832 1162; x_wconf 87' lang='lat' dir='ltr'>quam</span> 
     </span>
     <span class='ocr_line' id='line_1_14' title="bbox 328 1177 1833 1231; baseline -0.001 -12"><span class='ocrx_word' id='word_1_109' title='bbox 328 1178 550 1231; x_wconf 79' lang='lat' dir='ltr'>pulchrum</span> <span class='ocrx_word' id='word_1_110' title='bbox 584 1178 646 1219; x_wconf 89' lang='lat' dir='ltr'>est</span> <span class='ocrx_word' id='word_1_111' title='bbox 678 1190 886 1230; x_wconf 89' lang='lat' dir='ltr'>quamque</span> <span class='ocrx_word' id='word_1_112' title='bbox 906 1177 1135 1218; x_wconf 81' lang='lat' dir='ltr'>iucundum</span> <span class='ocrx_word' id='word_1_113' title='bbox 1161 1190 1183 1218; x_wconf 83' lang='lat' dir='ltr'>a</span> <span class='ocrx_word' id='word_1_114' title='bbox 1203 1177 1245 1218; x_wconf 93' lang='lat' dir='ltr'>te</span> <span class='ocrx_word' id='word_1_115' title='bbox 1269 1177 1386 1227; x_wconf 72' lang='lat' dir='ltr'>odiri,</span> <span class='ocrx_word' id='word_1_116' title='bbox 1422 1178 1551 1218; x_wconf 87' lang='lat' dir='ltr'>amari</span> <span class='ocrx_word' id='word_1_117' title='bbox 1573 1190 1672 1219; x_wconf 89' lang='lat' dir='ltr'>uero</span> <span class='ocrx_word' id='word_1_118' title='bbox 1697 1190 1720 1218; x_wconf 87' lang='lat' dir='ltr'>a</span> <span class='ocrx_word' id='word_1_119' title='bbox 1744 1177 1833 1218; x_wconf 89' lang='lat' dir='ltr'>deo.</span> 
     </span>
     <span class='ocr_line' id='line_1_15' title="bbox 329 1246 1834 1300; baseline 0 -13"><span class='ocrx_word' id='word_1_120' title='bbox 329 1246 548 1300; x_wconf 86' lang='lat' dir='ltr'>reppulisti</span> <span class='ocrx_word' id='word_1_121' title='bbox 578 1259 652 1287; x_wconf 85' lang='lat' dir='ltr'>nos</span> <span class='ocrx_word' id='word_1_122' title='bbox 677 1258 696 1286; x_wconf 90' lang='lat' dir='ltr'>e</span> <span class='ocrx_word' id='word_1_123' title='bbox 718 1259 764 1287; x_wconf 83' lang='lat' dir='ltr'>re</span> <span class='ocrx_word' id='word_1_124' title='bbox 787 1246 1012 1287; x_wconf 86' lang='lat' dir='ltr'>commissa</span> <span class='ocrx_word' id='word_1_125' title='bbox 1034 1246 1165 1297; x_wconf 77' lang='lat' dir='ltr'>nobis,</span> <span class='ocrx_word' id='word_1_126' title='bbox 1202 1246 1428 1287; x_wconf 86' lang='lat' dir='ltr'>arbitratus</span> <span class='ocrx_word' id='word_1_127' title='bbox 1450 1246 1636 1300; x_wconf 82' lang='lat' dir='ltr'>potuisse</span> <span class='ocrx_word' id='word_1_128' title='bbox 1658 1247 1700 1287; x_wconf 90' lang='lat' dir='ltr'>te</span> <span class='ocrx_word' id='word_1_129' title='bbox 1724 1247 1834 1299; x_wconf 89' lang='lat' dir='ltr'>quod</span> 
     </span>
     <span class='ocr_line' id='line_1_16' title="bbox 332 1314 1834 1368; baseline 0.001 -13"><span class='ocrx_word' id='word_1_130' title='bbox 332 1316 435 1357; x_wconf 89' lang='lat' dir='ltr'>deus</span> <span class='ocrx_word' id='word_1_131' title='bbox 458 1314 699 1356; x_wconf 86' lang='lat' dir='ltr'>aedifieauit</span> <span class='ocrx_word' id='word_1_132' title='bbox 722 1314 949 1356; x_wconf 84' lang='lat' dir='ltr'>destruere.</span> <span class='ocrx_word' id='word_1_133' title='bbox 982 1316 1211 1368; x_wconf 70' lang='lat' dir='ltr'>unicuique</span> <span class='ocrx_word' id='word_1_134' title='bbox 1234 1318 1373 1357; x_wconf 82' lang='lat' dir='ltr'>autem</span> <span class='ocrx_word' id='word_1_135' title='bbox 1395 1319 1595 1366; x_wconf 77' lang='lat' dir='ltr'>nostrum,</span> <span class='ocrx_word' id='word_1_136' title='bbox 1622 1315 1679 1356; x_wconf 87' lang='lat' dir='ltr'>ait</span> <span class='ocrx_word' id='word_1_137' title='bbox 1700 1315 1834 1368; x_wconf 87' lang='lat' dir='ltr'>Ephe-</span> 
     </span>
     <span class='ocr_line' id='line_1_17' title="bbox 332 1384 1835 1439; baseline 0.001 -15"><span class='ocrx_word' id='word_1_138' title='bbox 332 1384 403 1425; x_wconf 89' lang='lat' dir='ltr'>siis</span> <span class='ocrx_word' id='word_1_139' title='bbox 437 1384 634 1434; x_wconf 77' lang='lat' dir='ltr'>scribens,</span> <span class='ocrx_word' id='word_1_140' title='bbox 667 1384 771 1426; x_wconf 82' lang='lat' dir='ltr'>data</span> <span class='ocrx_word' id='word_1_141' title='bbox 802 1387 861 1425; x_wconf 85' lang='lat' dir='ltr'>est</span> <span class='ocrx_word' id='word_1_142' title='bbox 887 1385 1031 1439; x_wconf 69' lang='lat' dir='ltr'>qratia</span> <span class='ocrx_word' id='word_1_143' title='bbox 1053 1385 1282 1426; x_wconf 81' lang='lat' dir='ltr'>seeundum</span> <span class='ocrx_word' id='word_1_144' title='bbox 1304 1397 1549 1426; x_wconf 86' lang='lat' dir='ltr'>mensuram</span> <span class='ocrx_word' id='word_1_145' title='bbox 1571 1385 1835 1439; x_wconf 72' lang='lat' dir='ltr'>diynationts</span> 
     </span>
     <span class='ocr_line' id='line_1_18' title="bbox 332 1453 1835 1506; baseline -0.001 -11"><span class='ocrx_word' id='word_1_146' title='bbox 332 1453 508 1504; x_wconf 77' lang='lat' dir='ltr'>Christi,</span> <span class='ocrx_word' id='word_1_147' title='bbox 549 1456 726 1506; x_wconf 70' lang='lat' dir='ltr'>propter</span> <span class='ocrx_word' id='word_1_148' title='bbox 764 1453 874 1506; x_wconf 69' lang='lat' dir='ltr'>quod</span> <span class='ocrx_word' id='word_1_149' title='bbox 912 1454 1042 1497; x_wconf 80' lang='lat' dir='ltr'>dicit:</span> <span class='ocrx_word' id='word_1_150' title='bbox 1087 1455 1316 1496; x_wconf 82' lang='lat' dir='ltr'>ascendens</span> <span class='ocrx_word' id='word_1_151' title='bbox 1359 1455 1405 1495; x_wconf 80' lang='lat' dir='ltr'>in</span> <span class='ocrx_word' id='word_1_152' title='bbox 1444 1454 1580 1496; x_wconf 82' lang='lat' dir='ltr'>altum</span> <span class='ocrx_word' id='word_1_153' title='bbox 1618 1454 1835 1506; x_wconf 70' lang='lat' dir='ltr'>captiuam</span> 
     </span>
     <span class='ocr_line' id='line_1_19' title="bbox 331 1522 1832 1576; baseline 0 -13"><span class='ocrx_word' id='word_1_154' title='bbox 331 1522 449 1563; x_wconf 65' lang='lat' dir='ltr'>duxit</span> <span class='ocrx_word' id='word_1_155' title='bbox 472 1523 777 1575; x_wconf 69' lang='lat' dir='ltr'>captiuitatem,</span> <span class='ocrx_word' id='word_1_156' title='bbox 806 1522 917 1564; x_wconf 73' lang='lat' dir='ltr'>(ledit</span> <span class='ocrx_word' id='word_1_157' title='bbox 933 1522 1045 1563; x_wconf 82' lang='lat' dir='ltr'>dona</span> <span class='ocrx_word' id='word_1_158' title='bbox 1067 1522 1317 1565; x_wconf 77' lang='lat' dir='ltr'>hominibus.</span> <span class='ocrx_word' id='word_1_159' title='bbox 1342 1524 1449 1576; x_wconf 78' lang='lat' dir='ltr'>quod</span> <span class='ocrx_word' id='word_1_160' title='bbox 1470 1526 1610 1564; x_wconf 89' lang='lat' dir='ltr'>autem</span> <span class='ocrx_word' id='word_1_161' title='bbox 1632 1523 1832 1571; x_wconf 85' lang='lat' dir='ltr'>aseendit,</span> 
     </span>
     <span class='ocr_line' id='line_1_20' title="bbox 330 1592 1834 1646; baseline -0.001 -14"><span class='ocrx_word' id='word_1_162' title='bbox 330 1592 430 1643; x_wconf 67' lang='lat' dir='ltr'>quaid</span> <span class='ocrx_word' id='word_1_163' title='bbox 470 1595 527 1633; x_wconf 84' lang='lat' dir='ltr'>est</span> <span class='ocrx_word' id='word_1_164' title='bbox 568 1592 655 1633; x_wconf 82' lang='lat' dir='ltr'>nisi</span> <span class='ocrx_word' id='word_1_165' title='bbox 695 1592 797 1644; x_wconf 75' lang='lat' dir='ltr'>quia</span> <span class='ocrx_word' id='word_1_166' title='bbox 840 1594 878 1632; x_wconf 91' lang='lat' dir='ltr'>et</span> <span class='ocrx_word' id='word_1_167' title='bbox 907 1592 1118 1634; x_wconf 80' lang='lat' dir='ltr'>descendit</span> <span class='ocrx_word' id='word_1_168' title='bbox 1147 1593 1196 1633; x_wconf 86' lang='lat' dir='ltr'>in</span> <span class='ocrx_word' id='word_1_169' title='bbox 1227 1593 1439 1646; x_wconf 82' lang='lat' dir='ltr'>inferiora</span> <span class='ocrx_word' id='word_1_170' title='bbox 1471 1592 1634 1633; x_wconf 73' lang='lat' dir='ltr'>terrae?</span> <span class='ocrx_word' id='word_1_171' title='bbox 1694 1593 1733 1632; x_wconf 94' lang='lat' dir='ltr'>et</span> <span class='ocrx_word' id='word_1_172' title='bbox 1762 1592 1834 1644; x_wconf 69' lang='lat' dir='ltr'>qui</span> 
     </span>
     <span class='ocr_line' id='line_1_21' title="bbox 330 1660 1831 1714; baseline -0.001 -13"><span class='ocrx_word' id='word_1_173' title='bbox 330 1661 537 1702; x_wconf 76' lang='lat' dir='ltr'>descendit</span> <span class='ocrx_word' id='word_1_174' title='bbox 568 1661 657 1713; x_wconf 72' lang='lat' dir='ltr'>ipse</span> <span class='ocrx_word' id='word_1_175' title='bbox 689 1663 748 1702; x_wconf 83' lang='lat' dir='ltr'>est</span> <span class='ocrx_word' id='word_1_176' title='bbox 780 1663 817 1702; x_wconf 84' lang='lat' dir='ltr'>et</span> <span class='ocrx_word' id='word_1_177' title='bbox 847 1661 920 1713; x_wconf 77' lang='lat' dir='ltr'>qui</span> <span class='ocrx_word' id='word_1_178' title='bbox 951 1661 1139 1703; x_wconf 74' lang='lat' dir='ltr'>ascendit</span> <span class='ocrx_word' id='word_1_179' title='bbox 1171 1673 1298 1713; x_wconf 73' lang='lat' dir='ltr'>super</span> <span class='ocrx_word' id='word_1_180' title='bbox 1329 1674 1471 1703; x_wconf 86' lang='lat' dir='ltr'>omnes</span> <span class='ocrx_word' id='word_1_181' title='bbox 1502 1661 1649 1714; x_wconf 77' lang='lat' dir='ltr'>caelos,</span> <span class='ocrx_word' id='word_1_182' title='bbox 1681 1663 1728 1701; x_wconf 88' lang='lat' dir='ltr'>ut</span> <span class='ocrx_word' id='word_1_183' title='bbox 1758 1660 1831 1701; x_wconf 78' lang='lat' dir='ltr'>ad—</span> 
     </span>
     <span class='ocr_line' id='line_1_22' title="bbox 330 1729 1833 1783; baseline -0.001 -13"><span class='ocrx_word' id='word_1_184' title='bbox 330 1729 524 1781; x_wconf 73' lang='lat' dir='ltr'>impleret</span> <span class='ocrx_word' id='word_1_185' title='bbox 552 1730 710 1771; x_wconf 84' lang='lat' dir='ltr'>omnia.</span> <span class='ocrx_word' id='word_1_186' title='bbox 742 1733 778 1770; x_wconf 86' lang='lat' dir='ltr'>ct</span> <span class='ocrx_word' id='word_1_187' title='bbox 800 1730 890 1782; x_wconf 75' lang='lat' dir='ltr'>ipse</span> <span class='ocrx_word' id='word_1_188' title='bbox 911 1730 1026 1771; x_wconf 75' lang='lat' dir='ltr'>dedit</span> <span class='ocrx_word' id='word_1_189' title='bbox 1046 1730 1250 1782; x_wconf 76' lang='lat' dir='ltr'>quosdam</span> <span class='ocrx_word' id='word_1_190' title='bbox 1273 1730 1440 1783; x_wconf 77' lang='lat' dir='ltr'>quidem</span> <span class='ocrx_word' id='word_1_191' title='bbox 1463 1730 1682 1783; x_wconf 75' lang='lat' dir='ltr'>apostolos,</span> <span class='ocrx_word' id='word_1_192' title='bbox 1716 1742 1833 1781; x_wconf 76' lang='lat' dir='ltr'>quos-</span> 
     </span>
     <span class='ocr_line' id='line_1_23' title="bbox 330 1798 1834 1854; baseline -0.003 -14"><span class='ocrx_word' id='word_1_193' title='bbox 330 1799 430 1840; x_wconf 75' lang='lat' dir='ltr'>dam</span> <span class='ocrx_word' id='word_1_194' title='bbox 463 1801 604 1840; x_wconf 88' lang='lat' dir='ltr'>autem</span> <span class='ocrx_word' id='word_1_195' title='bbox 627 1799 874 1851; x_wconf 70' lang='lat' dir='ltr'>prophetas,</span> <span class='ocrx_word' id='word_1_196' title='bbox 915 1799 1122 1851; x_wconf 73' lang='lat' dir='ltr'>quosdam</span> <span class='ocrx_word' id='word_1_197' title='bbox 1160 1812 1260 1840; x_wconf 87' lang='lat' dir='ltr'>uero</span> <span class='ocrx_word' id='word_1_198' title='bbox 1293 1799 1587 1854; x_wconf 73' lang='lat' dir='ltr'>euanyelistas,</span> <span class='ocrx_word' id='word_1_199' title='bbox 1630 1798 1834 1851; x_wconf 73' lang='lat' dir='ltr'>quosdam</span> 
     </span>
     <span class='ocr_line' id='line_1_24' title="bbox 331 1868 1834 1921; baseline -0.002 -13"><span class='ocrx_word' id='word_1_200' title='bbox 331 1870 472 1909; x_wconf 90' lang='lat' dir='ltr'>autem</span> <span class='ocrx_word' id='word_1_201' title='bbox 504 1870 701 1921; x_wconf 71' lang='lat' dir='ltr'>pastores</span> <span class='ocrx_word' id='word_1_202' title='bbox 752 1870 790 1908; x_wconf 89' lang='lat' dir='ltr'>ct</span> <span class='ocrx_word' id='word_1_203' title='bbox 828 1868 1010 1909; x_wconf 81' lang='lat' dir='ltr'>doctores</span> <span class='ocrx_word' id='word_1_204' title='bbox 1050 1868 1107 1909; x_wconf 79' lang='lat' dir='ltr'>ad</span> <span class='ocrx_word' id='word_1_205' title='bbox 1149 1869 1551 1910; x_wconf 71' lang='lat' dir='ltr'>consummationem</span> <span class='ocrx_word' id='word_1_206' title='bbox 1590 1870 1834 1909; x_wconf 84' lang='lat' dir='ltr'>sanctorum</span> 
     </span>
     <span class='ocr_line' id='line_1_25' title="bbox 332 1935 1833 1991; baseline -0.001 -14"><span class='ocrx_word' id='word_1_207' title='bbox 332 1938 379 1978; x_wconf 76' lang='lat' dir='ltr'>in</span> <span class='ocrx_word' id='word_1_208' title='bbox 404 1949 506 1989; x_wconf 74' lang='lat' dir='ltr'>opus</span> <span class='ocrx_word' id='word_1_209' title='bbox 537 1936 782 1991; x_wconf 81' lang='lat' dir='ltr'>ministerii,</span> <span class='ocrx_word' id='word_1_210' title='bbox 822 1937 871 1977; x_wconf 87' lang='lat' dir='ltr'>in</span> <span class='ocrx_word' id='word_1_211' title='bbox 902 1937 1243 1989; x_wconf 61' lang='lat' dir='ltr'>aedificationem</span> <span class='ocrx_word' id='word_1_212' title='bbox 1274 1938 1459 1990; x_wconf 75' lang='lat' dir='ltr'>eorporis</span> <span class='ocrx_word' id='word_1_213' title='bbox 1493 1936 1668 1986; x_wconf 76' lang='lat' dir='ltr'>Christi,</span> <span class='ocrx_word' id='word_1_214' title='bbox 1708 1935 1833 1976; x_wconf 82' lang='lat' dir='ltr'>donec</span> 
     </span>
     <span class='ocr_line' id='line_1_26' title="bbox 328 2005 1833 2060; baseline -0.002 -13"><span class='ocrx_word' id='word_1_215' title='bbox 328 2018 599 2047; x_wconf 83' lang='lat' dir='ltr'>occurramus</span> <span class='ocrx_word' id='word_1_216' title='bbox 629 2018 766 2046; x_wconf 87' lang='lat' dir='ltr'>omnes</span> <span class='ocrx_word' id='word_1_217' title='bbox 800 2005 844 2046; x_wconf 78' lang='lat' dir='ltr'>in</span> <span class='ocrx_word' id='word_1_218' title='bbox 874 2006 1039 2047; x_wconf 77' lang='lat' dir='ltr'>unitate</span> <span class='ocrx_word' id='word_1_219' title='bbox 1067 2006 1169 2058; x_wconf 76' lang='lat' dir='ltr'>fidei</span> <span class='ocrx_word' id='word_1_220' title='bbox 1199 2009 1237 2047; x_wconf 90' lang='lat' dir='ltr'>et</span> <span class='ocrx_word' id='word_1_221' title='bbox 1267 2007 1482 2060; x_wconf 71' lang='lat' dir='ltr'>aynitione</span> <span class='ocrx_word' id='word_1_222' title='bbox 1512 2006 1580 2047; x_wconf 79' lang='lat' dir='ltr'>dei</span> <span class='ocrx_word' id='word_1_223' title='bbox 1614 2006 1658 2047; x_wconf 79' lang='lat' dir='ltr'>in</span> <span class='ocrx_word' id='word_1_224' title='bbox 1689 2005 1833 2046; x_wconf 81' lang='lat' dir='ltr'>uirum</span> 
     </span>
     <span class='ocr_line' id='line_1_27' title="bbox 321 2074 1833 2128; baseline -0.002 -12"><span class='ocrx_word' id='word_1_225' title='bbox 321 2075 570 2128; x_wconf 71' lang='lat' dir='ltr'>perfectum,</span> <span class='ocrx_word' id='word_1_226' title='bbox 601 2074 650 2115; x_wconf 85' lang='lat' dir='ltr'>in</span> <span class='ocrx_word' id='word_1_227' title='bbox 681 2087 923 2115; x_wconf 84' lang='lat' dir='ltr'>mensuram</span> <span class='ocrx_word' id='word_1_228' title='bbox 955 2075 1108 2116; x_wconf 76' lang='lat' dir='ltr'>aetatis</span> <span class='ocrx_word' id='word_1_229' title='bbox 1135 2076 1421 2128; x_wconf 70' lang='lat' dir='ltr'>plenitudinis</span> <span class='ocrx_word' id='word_1_230' title='bbox 1454 2075 1628 2128; x_wconf 76' lang='lat' dir='ltr'>Christi,</span> <span class='ocrx_word' id='word_1_231' title='bbox 1670 2076 1718 2115; x_wconf 86' lang='lat' dir='ltr'>ut</span> <span class='ocrx_word' id='word_1_232' title='bbox 1746 2074 1833 2114; x_wconf 82' lang='lat' dir='ltr'>iam</span> 
     </span>
     <span class='ocr_line' id='line_1_28' title="bbox 329 2143 1831 2197; baseline -0.001 -13"><span class='ocrx_word' id='word_1_233' title='bbox 329 2157 414 2186; x_wconf 88' lang='lat' dir='ltr'>non</span> <span class='ocrx_word' id='word_1_234' title='bbox 445 2144 579 2184; x_wconf 88' lang='lat' dir='ltr'>simus</span> <span class='ocrx_word' id='word_1_235' title='bbox 602 2143 790 2196; x_wconf 76' lang='lat' dir='ltr'>paruuli</span> <span class='ocrx_word' id='word_1_236' title='bbox 827 2143 1079 2195; x_wconf 77' lang='lat' dir='ltr'>fluctuantes</span> <span class='ocrx_word' id='word_1_237' title='bbox 1109 2147 1148 2185; x_wconf 88' lang='lat' dir='ltr'>et</span> <span class='ocrx_word' id='word_1_238' title='bbox 1177 2145 1532 2197; x_wconf 75' lang='lat' dir='ltr'>circumferamur</span> <span class='ocrx_word' id='word_1_239' title='bbox 1563 2145 1680 2186; x_wconf 85' lang='lat' dir='ltr'>omni</span> <span class='ocrx_word' id='word_1_240' title='bbox 1710 2146 1831 2184; x_wconf 84' lang='lat' dir='ltr'>uento</span> 
     </span>
     <span class='ocr_line' id='line_1_29' title="bbox 327 2211 1831 2269; baseline -0.004 -13"><span class='ocrx_word' id='word_1_241' title='bbox 327 2213 559 2267; x_wconf 80' lang='lat' dir='ltr'>doctrinae,</span> <span class='ocrx_word' id='word_1_242' title='bbox 609 2213 657 2253; x_wconf 82' lang='lat' dir='ltr'>in</span> <span class='ocrx_word' id='word_1_243' title='bbox 700 2213 893 2265; x_wconf 76' lang='lat' dir='ltr'>nequitia</span> <span class='ocrx_word' id='word_1_244' title='bbox 931 2212 1167 2269; x_wconf 74' lang='lat' dir='ltr'>hominum,</span> <span class='ocrx_word' id='word_1_245' title='bbox 1216 2215 1265 2255; x_wconf 80' lang='lat' dir='ltr'>in</span> <span class='ocrx_word' id='word_1_246' title='bbox 1304 2215 1467 2256; x_wconf 79' lang='lat' dir='ltr'>astutia</span> <span class='ocrx_word' id='word_1_247' title='bbox 1508 2214 1564 2255; x_wconf 83' lang='lat' dir='ltr'>ad</span> <span class='ocrx_word' id='word_1_248' title='bbox 1603 2211 1831 2254; x_wconf 83' lang='lat' dir='ltr'>remedium</span> 
     </span>
     <span class='ocr_line' id='line_1_30' title="bbox 328 2280 1831 2335; baseline -0.002 -11"><span class='ocrx_word' id='word_1_249' title='bbox 328 2283 496 2325; x_wconf 76' lang='lat' dir='ltr'>erroris.</span> <span class='ocrx_word' id='word_1_250' title='bbox 560 2281 782 2323; x_wconf 88' lang='lat' dir='ltr'>ueritatem</span> <span class='ocrx_word' id='word_1_251' title='bbox 820 2284 961 2324; x_wconf 87' lang='lat' dir='ltr'>autem</span> <span class='ocrx_word' id='word_1_252' title='bbox 1000 2282 1203 2335; x_wconf 78' lang='lat' dir='ltr'>facientes</span> <span class='ocrx_word' id='word_1_253' title='bbox 1233 2283 1281 2324; x_wconf 88' lang='lat' dir='ltr'>in</span> <span class='ocrx_word' id='word_1_254' title='bbox 1312 2284 1488 2325; x_wconf 87' lang='lat' dir='ltr'>caritate</span> <span class='ocrx_word' id='word_1_255' title='bbox 1519 2294 1754 2325; x_wconf 82' lang='lat' dir='ltr'>crescamus</span> <span class='ocrx_word' id='word_1_256' title='bbox 1784 2280 1831 2321; x_wconf 78' lang='lat' dir='ltr'>in</span> 
     </span>
    </p>
   </div>
   <div class='ocr_carea' id='block_1_3' title="bbox 1857 983 1888 1007">
    <p class='ocr_par' dir='ltr' id='par_1_3' title="bbox 1857 983 1888 1007">
     <span class='ocr_line' id='line_1_31' title="bbox 1857 983 1888 1007; baseline 0.032 -1"><span class='ocrx_word' id='word_1_257' title='bbox 1857 983 1888 1007; x_wconf 78' lang='lat'>10</span> 
     </span>
    </p>
   </div>
   <div class='ocr_carea' id='block_1_4' title="bbox 1859 1324 1887 1347">
    <p class='ocr_par' dir='ltr' id='par_1_4' title="bbox 1859 1324 1887 1347">
     <span class='ocr_line' id='line_1_32' title="bbox 1859 1324 1887 1347; baseline 0 0"><span class='ocrx_word' id='word_1_258' title='bbox 1859 1324 1887 1347; x_wconf 70' lang='lat'>13</span> 
     </span>
    </p>
   </div>
   <div class='ocr_carea' id='block_1_5' title="bbox 1854 1671 1888 1695">
    <p class='ocr_par' dir='ltr' id='par_1_5' title="bbox 1854 1671 1888 1695">
     <span class='ocr_line' id='line_1_33' title="bbox 1854 1671 1888 1695; baseline 0.029 -1"><span class='ocrx_word' id='word_1_259' title='bbox 1854 1671 1888 1695; x_wconf 78' lang='lat'>20</span> 
     </span>
    </p>
   </div>
   <div class='ocr_carea' id='block_1_6' title="bbox 1853 2018 1885 2044">
    <p class='ocr_par' dir='ltr' id='par_1_6' title="bbox 1853 2018 1885 2044">
     <span class='ocr_line' id='line_1_34' title="bbox 1853 2018 1885 2044; baseline -0.031 0"><span class='ocrx_word' id='word_1_260' title='bbox 1853 2018 1885 2044; x_wconf 77' lang='lat'>25</span> 
     </span>
    </p>
   </div>
   <div class='ocr_carea' id='block_1_7' title="bbox 332 2348 1884 2403">
    <p class='ocr_par' dir='ltr' id='par_1_7' title="bbox 332 2348 1884 2403">
     <span class='ocr_line' id='line_1_35' title="bbox 332 2348 1884 2403; baseline -0.001 -12"><span class='ocrx_word' id='word_1_261' title='bbox 332 2349 402 2392; x_wconf 80' lang='lat' dir='ltr'>illo</span> <span class='ocrx_word' id='word_1_262' title='bbox 425 2363 507 2402; x_wconf 76' lang='lat' dir='ltr'>per</span> <span class='ocrx_word' id='word_1_263' title='bbox 538 2349 685 2391; x_wconf 82' lang='lat' dir='ltr'>omnia</span> <span class='ocrx_word' id='word_1_264' title='bbox 722 2349 796 2402; x_wconf 79' lang='lat' dir='ltr'>qui</span> <span class='ocrx_word' id='word_1_265' title='bbox 826 2351 886 2390; x_wconf 90' lang='lat' dir='ltr'>est</span> <span class='ocrx_word' id='word_1_266' title='bbox 914 2351 1043 2402; x_wconf 74' lang='lat' dir='ltr'>caput</span> <span class='ocrx_word' id='word_1_267' title='bbox 1074 2348 1284 2401; x_wconf 78' lang='lat' dir='ltr'>Christus,</span> <span class='ocrx_word' id='word_1_268' title='bbox 1329 2363 1378 2392; x_wconf 77' lang='lat' dir='ltr'>ex</span> <span class='ocrx_word' id='word_1_269' title='bbox 1409 2364 1488 2403; x_wconf 75' lang='lat' dir='ltr'>quo</span> <span class='ocrx_word' id='word_1_270' title='bbox 1519 2353 1652 2392; x_wconf 88' lang='lat' dir='ltr'>totum</span> <span class='ocrx_word' id='word_1_271' title='bbox 1682 2364 1832 2403; x_wconf 75' lang='lat' dir='ltr'>corpus</span> <span class='ocrx_word' id='word_1_272' title='bbox 1850 2360 1884 2384; x_wconf 82' lang='lat'>30</span> 
     </span>
    </p>
   </div>
   <div class='ocr_carea' id='block_1_8' title="bbox 328 2418 1831 2610">
    <p class='ocr_par' dir='ltr' id='par_1_8' title="bbox 328 2418 1831 2610">
     <span class='ocr_line' id='line_1_36' title="bbox 328 2418 1831 2472; baseline -0.001 -12"><span class='ocrx_word' id='word_1_273' title='bbox 328 2421 590 2472; x_wconf 76' lang='lat' dir='ltr'>compactum</span> <span class='ocrx_word' id='word_1_274' title='bbox 620 2421 658 2459; x_wconf 88' lang='lat' dir='ltr'>et</span> <span class='ocrx_word' id='word_1_275' title='bbox 687 2431 920 2460; x_wconf 71' lang='lat' dir='ltr'>connexum</span> <span class='ocrx_word' id='word_1_276' title='bbox 951 2431 1034 2472; x_wconf 75' lang='lat' dir='ltr'>per</span> <span class='ocrx_word' id='word_1_277' title='bbox 1064 2418 1312 2461; x_wconf 86' lang='lat' dir='ltr'>iuncturam</span> <span class='ocrx_word' id='word_1_278' title='bbox 1343 2419 1754 2462; x_wconf 83' lang='lat' dir='ltr'>subministrationis</span> <span class='ocrx_word' id='word_1_279' title='bbox 1784 2420 1831 2460; x_wconf 85' lang='lat' dir='ltr'>in</span> 
     </span>
     <span class='ocr_line' id='line_1_37' title="bbox 330 2487 1831 2542; baseline 0.001 -14"><span class='ocrx_word' id='word_1_280' title='bbox 330 2500 573 2529; x_wconf 87' lang='lat' dir='ltr'>mensuram</span> <span class='ocrx_word' id='word_1_281' title='bbox 610 2488 942 2540; x_wconf 76' lang='lat' dir='ltr'>uniuscuiusque</span> <span class='ocrx_word' id='word_1_282' title='bbox 979 2487 1126 2540; x_wconf 74' lang='lat' dir='ltr'>partis</span> <span class='ocrx_word' id='word_1_283' title='bbox 1166 2488 1472 2530; x_wconf 84' lang='lat' dir='ltr'>incrementum</span> <span class='ocrx_word' id='word_1_284' title='bbox 1505 2489 1695 2542; x_wconf 74' lang='lat' dir='ltr'>corporis</span> <span class='ocrx_word' id='word_1_285' title='bbox 1723 2489 1831 2542; x_wconf 73' lang='lat' dir='ltr'>facit</span> 
     </span>
     <span class='ocr_line' id='line_1_38' title="bbox 328 2556 1138 2610; baseline 0.001 -14"><span class='ocrx_word' id='word_1_286' title='bbox 328 2557 375 2596; x_wconf 79' lang='lat' dir='ltr'>in</span> <span class='ocrx_word' id='word_1_287' title='bbox 406 2556 742 2610; x_wconf 73' lang='lat' dir='ltr'>aedificationem</span> <span class='ocrx_word' id='word_1_288' title='bbox 771 2557 838 2598; x_wconf 84' lang='lat' dir='ltr'>sui</span> <span class='ocrx_word' id='word_1_289' title='bbox 870 2557 918 2598; x_wconf 86' lang='lat' dir='ltr'>in</span> <span class='ocrx_word' id='word_1_290' title='bbox 950 2557 1138 2598; x_wconf 79' lang='lat' dir='ltr'>caritate.</span> 
     </span>
    </p>
   </div>
   <div class='ocr_carea' id='block_1_9' title="bbox 463 2668 1328 2714">
    <p class='ocr_par' dir='ltr' id='par_1_9' title="bbox 463 2668 1328 2714">
     <span class='ocr_line' id='line_1_39' title="bbox 463 2668 1328 2714; baseline 0 -11"><span class='ocrx_word' id='word_1_291' title='bbox 463 2669 483 2703; x_wconf 85' lang='lat'>9</span> <span class='ocrx_word' id='word_1_292' title='bbox 508 2668 523 2702; x_wconf 94' lang='lat' dir='ltr'>I</span> <span class='ocrx_word' id='word_1_293' title='bbox 550 2668 667 2704; x_wconf 82' lang='lat' dir='ltr'>Thess.</span> <span class='ocrx_word' id='word_1_294' title='bbox 696 2670 728 2711; x_wconf 85' lang='lat'>5,</span> <span class='ocrx_word' id='word_1_295' title='bbox 754 2670 808 2704; x_wconf 82' lang='lat'>21.</span> <span class='ocrx_word' id='word_1_296' title='bbox 835 2669 879 2703; x_wconf 81' lang='lat'>22</span> <span class='ocrx_word' id='word_1_297' title='bbox 975 2670 1016 2703; x_wconf 88' lang='grc'>15</span> <span class='ocrx_word' id='word_1_298' title='bbox 1042 2669 1130 2714; x_wconf 88' lang='lat' dir='ltr'><strong>Eph.</strong></span> <span class='ocrx_word' id='word_1_299' title='bbox 1155 2669 1188 2710; x_wconf 88' lang='lat'>4,</span> <span class='ocrx_word' id='word_1_300' title='bbox 1217 2669 1328 2704; x_wconf 80' lang='lat'>7—16</span> 
     </span>
    </p>
   </div>
   <div class='ocr_carea' id='block_1_10' title="bbox 330 2782 1739 2885">
    <p class='ocr_par' dir='ltr' id='par_1_10' title="bbox 330 2782 1739 2885">
     <span class='ocr_line' id='line_1_40' title="bbox 396 2782 1739 2827; baseline 0.003 -12"><span class='ocrx_word' id='word_1_301' title='bbox 396 2782 416 2815; x_wconf 91' lang='grc'>6</span> <span class='ocrx_word' id='word_1_302' title='bbox 440 2782 547 2826; x_wconf 85' lang='lat' dir='ltr'>pluris</span> <span class='ocrx_word' id='word_1_303' title='bbox 573 2787 757 2827; x_wconf 77' lang='lat' dir='ltr'>exspectes</span> <span class='ocrx_word' id='word_1_304' title='bbox 852 2782 894 2817; x_wconf 85' lang='grc'>10</span> <span class='ocrx_word' id='word_1_305' title='bbox 920 2783 1129 2827; x_wconf 82' lang='lat' dir='ltr'>examinate]</span> <span class='ocrx_word' id='word_1_306' title='bbox 1155 2782 1272 2817; x_wconf 88' lang='lat' dir='ltr'>omnia</span> <span class='ocrx_word' id='word_1_307' title='bbox 1296 2793 1340 2817; x_wconf 77' lang='lat' dir='ltr'>ex</span> <span class='ocrx_word' id='word_1_308' title='bbox 1363 2793 1418 2827; x_wconf 76' lang='lat' dir='ltr'>yr.</span> <span class='ocrx_word' id='word_1_309' title='bbox 1444 2783 1532 2818; x_wconf 84' lang='lat' dir='ltr'>add.</span> <span class='ocrx_word' id='word_1_310' title='bbox 1558 2783 1739 2819; x_wconf 80' lang='lat' dir='ltr'>Latinius</span> 
     </span>
     <span class='ocr_line' id='line_1_41' title="bbox 330 2838 1454 2885; baseline 0.002 -13"><span class='ocrx_word' id='word_1_311' title='bbox 330 2838 370 2872; x_wconf 83' lang='lat'>13</span> <span class='ocrx_word' id='word_1_312' title='bbox 401 2839 584 2874; x_wconf 78' lang='lat' dir='ltr'>iocundum</span> <span class='ocrx_word' id='word_1_313' title='bbox 725 2841 767 2875; x_wconf 89' lang='grc'>16</span> <span class='ocrx_word' id='word_1_314' title='bbox 793 2840 1020 2885; x_wconf 88' lang='lat' dir='ltr'>dignationis]</span> <span class='ocrx_word' id='word_1_315' title='bbox 1047 2840 1246 2875; x_wconf 87' lang='lat' dir='ltr'>donationis</span> <span class='ocrx_word' id='word_1_316' title='bbox 1272 2840 1454 2875; x_wconf 79' lang='lat' dir='ltr'>Latinius</span> 
     </span>
    </p>
   </div>
  </div>
 </body>
</html>
