1934 3278
572 234 788 269 Moriendum
815 246 891 269 esse
917 245 976 279 pro
1004 234 1059 269 dei
1086 235 1169 270 filio.
1538 237 1617 279 301

125 361 349 403 arbitratus
382 374 438 411 es,
473 361 621 414 quibus
646 362 871 415 augmenta
892 362 1060 403 uirtutis
1082 362 1240 403 inuicta
1268 364 1465 416 praebeat
1486 362 1620 405 fides?

123 429 245 471 credo
278 430 470 484 equidem
503 443 577 472 nec
610 444 675 472 me
706 431 864 472 ueritas
897 431 1015 478 fallit,
1056 432 1179 485 quod,
1220 432 1320 474 licet
1353 432 1486 474 adhuc
1518 432 1619 475 totis

121 499 204 540 tuis
244 512 291 540 eo
332 500 548 542 incumbas
589 500 854 542 carnificinae
894 501 1072 544 uiribus.
1120 502 1166 542 ut
1210 501 1398 543 membra
1443 501 1619 543 diuellas

124 568 320 621 artusque
359 568 538 609 laniatos
578 568 618 609 in
660 568 903 621 sanguinem
943 569 1128 610 nostrum
1161 569 1352 610 saeuiens
1385 569 1454 610 diu
1486 570 1617 611 tortor

87 647 285 686 sexares,
333 636 442 689 quod
480 636 647 677 uincere
685 636 824 677 tamen
864 649 1089 689 numquam
1133 636 1199 678 dei
1231 637 1364 691 possis
1397 637 1612 680 familiam.

122 716 347 757 numquam
387 705 613 746 exercitum
655 718 850 758 superare
883 705 1037 747 Christi
1076 706 1240 755 ualeas,
1289 719 1367 748 non
1406 706 1614 748 doloribus

123 774 333 818 subicere,
382 788 460 816 non
500 775 642 828 poenis
684 775 932 827 angentibus
972 776 1125 828 poteris
1158 775 1339 816 flectere.
1393 775 1617 817 Christiani

122 842 256 884 nullos
287 844 498 884 cruciatus
531 843 741 884 nullamne
774 844 952 884 mortem
983 856 1249 887 recusamus:
1282 856 1359 885 non
1381 843 1617 898 tyrannicas

118 911 215 952 tuas
246 912 463 961 iussiones,
496 925 573 953 non
595 912 781 953 iudicum
803 913 968 953 tuorum
990 913 1155 965 gladios
1182 914 1362 954 tremere
1383 925 1617 966 possumus

55 991 103 1019 ,ιο
121 980 217 1033 quia
249 980 388 1033 gladio
422 981 487 1022 dei
522 981 670 1022 armati
700 981 776 1022 tibi
808 981 1066 1023 resistamus.
1118 982 1266 1023 beatus
1298 981 1533 1035 apostolus,
1569 981 1616 1022 dc

120 1052 260 1101 cetero,
295 1049 396 1090 dicit
429 1050 632 1103 Ephesiis,
665 1050 975 1102 confortamini
1005 1051 1052 1091 in
1083 1050 1250 1091 domino
1283 1054 1319 1091 et
1351 1051 1398 1091 in
1423 1050 1614 1103 potentia

120 1118 295 1159 uirtutis
332 1119 434 1160 eius.
484 1119 649 1160 induite
688 1132 811 1160 arma
853 1119 939 1168 dci,
986 1122 1032 1160 ut
1064 1119 1236 1170 possitis
1272 1122 1384 1161 stare
1414 1118 1617 1160 aduersus

119 1187 302 1229 remedia
332 1186 503 1234 diaboli,
535 1188 638 1240 quia
668 1201 752 1229 non
782 1191 839 1229 est
869 1188 984 1230 uobis
1014 1187 1263 1229 conluctatio
1283 1187 1487 1229 aduersus
1518 1200 1616 1228 car-

119 1268 213 1296 nem
244 1258 281 1296 ct
311 1257 572 1309 sanquinem,
605 1256 674 1297 sed
704 1259 850 1298 contra
876 1259 1111 1310 potestates,
1144 1259 1292 1297 contra
1319 1255 1446 1298 huius
1467 1255 1616 1296 mundi

67 1321 102 1362 ἰῇ
120 1327 294 1366 rectores
326 1326 591 1368 tenebrarum
621 1325 788 1376 harum,
821 1329 967 1367 contra
999 1325 1219 1379 spiritalia
1241 1325 1463 1378 nequitiae.
1498 1337 1611 1365 arma

119 1391 286 1434 indutos
319 1393 385 1434 dei
416 1395 482 1437 tu.
523 1406 595 1447 per
627 1406 750 1446 quem
784 1406 924 1435 omnes
957 1393 995 1434 in
1030 1394 1213 1435 nostram
1245 1406 1391 1434 necem
1423 1393 1616 1435 saeuiunt

121 1460 356 1504 daemones.
390 1475 585 1515 superare
617 1463 712 1516 quia
746 1475 822 1503 non
846 1463 976 1516 potes.
1009 1463 1224 1503 hortamur
1245 1463 1415 1504 tandem
1436 1462 1478 1503 te
1500 1461 1617 1503 nobis

118 1530 283 1576 tradas,
331 1543 380 1571 ne
413 1544 506 1572 cuin
538 1531 630 1572 istis
663 1544 764 1584 quos
804 1531 1002 1572 describit
1035 1531 1246 1584 apostolus
1277 1531 1318 1572 in
1349 1531 1501 1572 cuneta
1531 1531 1613 1572 tor-

121 1600 285 1652 quearis
326 1612 441 1641 aeua.
496 1600 553 1641 sic
593 1613 670 1641 non
710 1600 748 1641 in
790 1600 982 1641 tenebras
1025 1600 1205 1641 carceris
1242 1600 1303 1641 tui
1342 1600 1417 1640 filii
1454 1599 1611 1653 possint

69 1680 102 1705 20
119 1668 228 1709 uinci
261 1669 367 1709 lueis
400 1682 421 1709 a
452 1670 718 1711 tenebrarum
749 1668 849 1713 filio.
882 1670 1097 1722 tamquam
1118 1669 1312 1710 tenebras
1336 1668 1488 1709 sentire
1511 1681 1609 1721 pos-

120 1737 202 1778 sint
233 1738 273 1778 hi
306 1738 344 1778 in
368 1738 517 1791 quibus
539 1738 770 1779 inhabitare
795 1738 989 1790 dignatur
1010 1737 1080 1778 ille
1104 1738 1172 1790 qui
1205 1737 1259 1778 sit
1279 1737 1385 1778 lucis
1407 1736 1608 1778 conditor.

120 1806 300 1859 perferat
338 1806 469 1848 uirtus
511 1819 681 1847 necesse
725 1807 788 1847 est
829 1806 937 1859 quod
979 1806 1193 1847 ferendum
1232 1807 1381 1847 natura
1423 1805 1611 1847 mortalis

121 1875 307 1923 edocuit;
341 1876 375 1917 si
399 1876 506 1917 enim
533 1876 696 1929 ignibus
719 1888 962 1917 consumere
986 1876 1146 1916 nostros
1180 1876 1294 1916 artus
1324 1873 1611 1928 temptaueris.

118 1943 160 1984 te
200 1944 333 1997 magis
372 1944 409 1985 in
451 1945 591 1986 nostra
631 1956 803 1997 corpora
843 1944 1069 1985 sentiemus
1102 1943 1216 1985 exuri
1248 1956 1372 1997 quam
1405 1955 1502 1994 nos,
1546 1942 1613 1996 qui

67 2020 99 2046 ἴ»
120 2024 213 2054 cum
245 2012 422 2054 libenter
455 2025 500 2054 ac
534 2013 720 2066 prompte
753 2025 968 2053 curramus
1002 2012 1053 2053 ad
1085 2013 1260 2053 mortem
1292 2025 1364 2065 pro
1397 2011 1501 2061 fide,
1535 2024 1611 2052 non

120 2093 192 2122 nos
232 2081 423 2122 amittere
464 2081 594 2122 uitam
631 2093 774 2134 posse,
823 2081 896 2122 sed
930 2081 1063 2134 magis
1096 2081 1338 2134 conquirere
1372 2082 1412 2122 et
1444 2080 1610 2134 quidem

118 2151 211 2203 post
250 2150 439 2202 fragilem
483 2150 695 2190 aeternam
738 2163 1067 2203 praesumamus.
1126 2151 1209 2191 stat
1259 2162 1423 2203 semper
1464 2161 1611 2202 nempe

118 2217 245 2271 gladii
278 2218 338 2259 tui
372 2218 482 2259 acies
515 2218 660 2259 stricta
692 2219 836 2272 parata
869 2219 1198 2261 Christianorum
1235 2219 1346 2267 neci,
1394 2219 1435 2259 et
1472 2218 1610 2259 tamen

119 2288 226 2328 omni
259 2287 426 2340 plumbo
459 2286 624 2328 erudior
656 2299 746 2328 esse
770 2288 886 2329 nobis
911 2288 1078 2329 uidetur
1109 2288 1186 2329 iste
1210 2300 1352 2329 mucro
1379 2286 1509 2340 gladii
1534 2285 1608 2329 tui.

68 2355 227 2398 ³⁰sicut
259 2357 300 2396 et
332 2356 443 2397 acies
476 2356 637 2396 animae
669 2357 778 2397 tuae.
818 2356 1047 2397 toleramus
1080 2356 1217 2397 omnia
1248 2357 1286 2397 iu
1319 2355 1511 2409 passione
1543 2366 1611 2394 se-

119 2426 227 2468 curi.
269 2425 385 2466 uelut
424 2424 662 2478 ingeramus
696 2424 898 2478 supplicia
929 2438 1035 2477 quae
1068 2425 1268 2478 patimur,
1313 2424 1505 2477 quoniam
1543 2421 1611 2475 qui

252 2561 272 2593 4
299 2560 341 2595 cf.
368 2561 469 2605 cm.
496 2561 541 2595 ib.
568 2560 616 2594 111
640 2561 694 2603 37,
723 2562 763 2595 17
859 2562 896 2594 11
927 2561 1011 2605 Eph.
1035 2562 1068 2604 o,
1097 2561 1229 2595 1o-12

186 2675 206 2707 5
232 2685 347 2709 exares
380 2675 418 2718 V,
451 2686 592 2710 uexares
619 2687 658 2719 ig·
690 2677 784 2709 artus
811 2675 960 2709 laniatos
987 2676 1097 2709 tortor
1121 2674 1278 2708 exararet
1310 2673 1419 2717 Cypr.
1445 2673 1467 2706 1.
1493 2684 1521 2707 c.

118 2731 139 2764 6
164 2731 293 2766 Christi
318 2742 477 2777 superare
501 2744 523 2767 v
623 2733 644 2766 8
668 2734 835 2767 crutiatos
936 2731 974 2765 11
1002 2731 1116 2765 efesiis
1211 2731 1253 2765 12
1278 2730 1411 2765 induite
1436 2741 1467 2768 υ,
1501 2728 1612 2764 induti

124 2788 157 2823 V
245 2789 286 2823 15
312 2790 503 2833 spiritaliae
599 2790 640 2824 18
666 2801 750 2834 quos
768 2802 799 2829 r,
826 2789 915 2834 quod
940 2790 970 2824 V
1059 2790 1102 2823 ‘23
1128 2791 1221 2823 artos
1313 2787 1358 2822 28
1382 2787 1504 2822 stricta
1520 2787 1612 2822 coni.

119 2845 312 2890 Latinius,
338 2848 483 2881 extricta
508 2848 556 2882 1⁹1·
648 2847 692 2880 29
718 2847 853 2881 crudior
877 2847 1024 2890 scripsi.
1051 2846 1191 2890 gurdior
1219 2846 1258 2884 V,
1285 2846 1419 2880 curuior
1442 2856 1462 2878 τ·
