1934 3278
1548 306 1668 337 xxm

166 416 223 460 20
251 417 521 467 iuncscissem,
553 417 683 461 codex
715 418 868 461 seruat.
891 445 946 450 —
978 419 1045 470 30,
1079 420 1129 461 21
1166 420 1203 461 si
1229 419 1397 473 quidem
1420 434 1505 462 non
1525 420 1671 472 fuisset

167 487 343 542 diynum
389 487 582 529 habentes
624 487 748 529 deum
795 501 887 529 cum
933 487 1122 530 inimicis
1161 489 1252 530 eius
1300 488 1665 545 demorarem(ur)

172 555 405 620 (demarare
426 568 477 619 V,
508 568 720 610 demorari
750 566 954 622 Latinius,
984 568 1200 611 demorare
1220 571 1262 623 v)
1296 570 1473 612 diuinae
1503 569 1669 622 mayni-

169 636 343 692 tudinis,
379 636 429 678 dc
461 636 770 679 constructione
803 637 853 679 cf.
877 637 944 687 23,
973 638 1024 679 15
1045 638 1222 692 diynum
1244 639 1385 691 fuerat
1407 651 1483 679 nos
1503 637 1669 691 fayere-

169 718 260 747 mus
307 706 349 746 et
393 705 489 756 232,
521 705 587 746 25.
629 705 726 755 239,
762 705 826 747 13.
858 730 914 736 -
945 706 1040 755 235,
1078 706 1096 747 1
1139 710 1186 748 ut
1225 708 1328 760 quid
1373 707 1487 748 istud
1533 706 1673 759 factus

168 787 261 815 sum
292 775 435 816 uidere
456 800 511 805 —-
532 776 571 815 et
599 774 734 816 sedere
767 775 979 829 (sederunt
1000 774 1055 828 V)
1093 775 1183 817 illic
1214 775 1267 817 ad
1297 787 1496 829 graecum
1528 786 1670 816 exem-

168 842 279 896 pla-r:
327 844 444 885 ἱνατί
479 850 608 886 τοῦτο
649 844 895 898 ἐγεννήθην
935 844 1045 886 ἰδεῖν
1075 869 1130 874 -
1160 846 1233 886 καὶ
1271 848 1452 886 καθίσαιΙ
1484 844 1583 886 ἐκεῖ.
1617 867 1672 873 -—

169 911 265 962 262,
297 911 351 953 26
384 912 444 953 ita
473 925 567 954 curn
598 937 652 943 —
684 912 908 965 temptatis,
949 912 1090 966 utique
1127 915 1163 954 et
1193 926 1267 954 nos
1297 926 1380 955 esse
1411 914 1522 955 inter
1552 912 1668 953 anti-

168 979 345 1022 christos
369 979 778 1036 pronuntiarit(is>,
813 979 924 1033 quod
947 979 1150 1023 aduersus
1175 981 1271 1023 Tilii
1290 981 1582 1035 pronunciari
1602 978 1673 1020 uel

170 1048 313 1090 Poncii
353 1050 655 1102 pronunciatis
699 1048 993 1091 commendare
1038 1061 1118 1091 non
1165 1063 1267 1103 opus
1314 1051 1378 1092 est
1417 1051 1485 1106 (ef.
1519 1050 1585 1099 71,
1618 1047 1675 1089 24

169 1129 352 1180 iudicab,
388 1129 481 1180 146,
510 1130 563 1172 12
593 1118 694 1183 dic).
745 1129 806 1170 ita
843 1141 943 1171 uero
982 1130 1272 1172 coniunctiuus
1302 1130 1475 1184 perfecti
1508 1129 1674 1183 saepius

173 1220 395 1263 adhibetur
432 1223 479 1263 ut
509 1222 577 1273 32,
612 1222 649 1263 7.
684 1221 778 1273 199,
814 1222 878 1264 14.
911 1248 966 1254 -
997 1221 1094 1274 309,
1127 1223 1150 1264 7
1191 1223 1237 1265 hi
1266 1223 1417 1280 sant>
1456 1226 1527 1277 (ε
1559 1221 1605 1263 hi
1635 1211 1673 1273 ἒ)

171 1302 350 1354 spiritus
388 1303 537 1357 quibus
575 1306 620 1345 tu
654 1303 898 1357 sacrificare
927 1304 1173 1346 dinosceris.
1203 1329 1259 1335 —
1293 1304 1386 1354 143,
1423 1303 1476 1345 14
1506 1302 1674 1357 quando

172 1370 338 1423 quidem
371 1372 559 1414 tenebrae
591 1372 902 1414 inextricabiles
933 1372 1165 1414 obsederint
1184 1373 1378 1414 animum
1409 1376 1527 1414 tuum
1550 1374 1674 1424 atque

166 1439 568 1496 praetex<a>erint
595 1442 873 1495 (pertexerint
895 1440 950 1494 V)
974 1455 1164 1483 errorum
1186 1442 1400 1495 caliyines.
1444 1440 1518 1483 scd
1539 1440 1674 1482 rarius

172 1508 347 1550 uerbum
371 1510 644 1562 pertexerint,
680 1510 790 1563 quod
822 1522 1027 1563 nusquam
1051 1509 1161 1563 apud
1181 1509 1420 1551 Luciferum
1451 1507 1672 1557 inuenitur,

174 1576 339 1619 facilius
360 1577 529 1628 feretur,
554 1579 588 1620 si
610 1579 789 1633 caliyine
808 1591 881 1632 pro
904 1579 1108 1633 caliyines
1127 1578 1375 1632 reposueris.
1408 1578 1475 1628 33,
1502 1578 1553 1619 12
1573 1588 1675 1618 uero

167 1660 408 1699 proponens
454 1651 742 1700 (praeponens
786 1647 866 1699 Vv)
921 1647 1112 1700 exempla
1157 1646 1199 1688 et
1248 1648 1339 1696 151,
1390 1647 1441 1688 19
1480 1645 1674 1699 proferre

173 1716 409 1768 (praeferre
438 1715 520 1771 Vv)
560 1716 742 1758 dicentes
774 1715 989 1769 exspectes
1023 1715 1092 1769 (cf.
1124 1715 1166 1757 in
1198 1714 1342 1757 codice
1375 1715 1443 1764 44,
1479 1715 1542 1756 15.
1576 1713 1672 1762 254,

173 1784 225 1826 27
252 1785 548 1838 prodecessor).

230 1876 308 1917 Hic
355 1876 438 1917 iam
487 1875 710 1930 adiungam
755 1876 919 1929 reliqua
966 1875 1167 1929 exempla,
1218 1888 1323 1929 quae
1361 1875 1675 1917 terminationes

175 1946 395 1987 uerborum
448 1945 734 1998 deprauationi
785 1945 964 1986 maxime
1011 1944 1208 1987 obnoxias
1258 1944 1385 1986 fuisse
1438 1943 1673 1989 ostendant,

176 2026 427 2067 quamquam
461 2013 625 2054 errandi
658 2026 808 2055 causas
839 2014 879 2055 in
912 2013 1186 2055 similitudine
1209 2013 1346 2066 potius
1378 2013 1446 2054 1191
1471 2012 1670 2053 ductuum

175 2080 244 2122 1191
285 2093 478 2122 sonorum
519 2080 754 2122 litterarum
795 2081 865 2122 uel
907 2081 1031 2122 ctiam
1070 2081 1109 2122 in
1141 2081 1342 2122 relatione
1375 2080 1672 2122 uocabulorum

175 2149 280 2190 falso
333 2150 505 2202 accepta
558 2161 683 2202 quam
743 2148 782 2189 111
831 2149 1169 2201 compendiorum
1217 2149 1471 2190 obscuritate
1518 2148 1676 2201 positas

177 2218 304 2259 fuisse
338 2217 533 2258 arbitror:
574 2217 614 2267 4,
645 2217 671 2257 9
702 2217 846 2268 uerba,
886 2216 1036 2270 quibus
1074 2216 1336 2270 imperatoris
1378 2217 1565 2258 accusati
1598 2216 1674 2257 dc-

176 2285 306 2327 sensio
346 2285 397 2326 ad
430 2285 599 2339 Moysen
638 2285 890 2335 reuocantis,
932 2285 999 2338 qui
1042 2285 1239 2338 populum
1283 2298 1401 2327 suum
1439 2297 1517 2326 non
1551 2284 1674 2325 dese-

176 2354 307 2395 ruerit
337 2353 410 2395 sed
441 2353 492 2395 ad
516 2353 784 2406 corrigendos
808 2366 967 2395 errores
994 2354 1236 2395 cohortatus
1267 2354 1332 2396 sit.
1365 2353 1575 2395 inducitur
1606 2352 1676 2393 sed

176 2423 337 2475 inquit.-
378 2436 463 2463 ecce
498 2422 667 2475 Moyses
697 2448 751 2452 -—
783 2436 868 2463 non
909 2423 1103 2476 deseruit,
1144 2422 1184 2463 in
1226 2423 1341 2463 textu
1374 2421 1537 2474 reliqui.
1580 2433 1673 2461 cum

177 2491 315 2544 inquit
362 2490 412 2531 de
461 2490 666 2543 scriptura
714 2503 833 2532 sacra
889 2491 1048 2532 dictum
1096 2504 1187 2532 esse
1229 2492 1431 2544 putarem,
1489 2492 1526 2530 in
1569 2488 1676 2530 notis

175 2560 318 2611 inquis
367 2559 538 2607 conieci,
591 2558 700 2612 quod
750 2559 936 2611 recipere
988 2559 1203 2600 debebam.
1271 2558 1514 2611 saepissime
1567 2557 1672 2598 enim

176 2627 342 2668 litterae
373 2641 392 2668 s
425 2628 466 2668 et
498 2631 511 2668 t
551 2628 765 2670 mutantur
806 2628 874 2679 (cf.
909 2629 976 2678 75,
1012 2629 1075 2669 12.
1109 2628 1175 2677 79,
1211 2628 1274 2669 17.
1307 2628 1375 2677 94,
1407 2629 1446 2669 4.
1483 2628 1573 2675 153,
1612 2627 1672 2667 10.

180 2695 273 2745 191,
300 2697 362 2737 11.
395 2696 490 2742 229,
514 2697 579 2738 22.
613 2697 710 2745 277,
733 2700 771 2738 2.
804 2697 900 2746 285,
923 2696 995 2748 23)
1030 2697 1072 2738 91
1101 2696 1219 2737 locus
1240 2696 1308 2745 58,
1335 2697 1386 2737 13
1418 2697 1481 2736 est
1513 2694 1671 2736 similis.

178 2763 248 2805 ubi
281 2764 339 2805 sic
373 2764 711 2818 distinguendum
746 2766 827 2807 cst:
859 2765 928 2806 sed
949 2766 1114 2819 inquis:
1145 2765 1216 2806 ille
1245 2765 1356 2818 filios
1386 2778 1482 2806 suos
1503 2789 1556 2795 —
1578 2777 1672 2804 con-

176 2833 363 2873 secrauit
410 2835 506 2886 (non
547 2834 629 2885 sed,
674 2834 830 2887 inquis,
869 2833 969 2886 illc).
1001 2859 1054 2864 -
1085 2833 1195 2874 idem
1242 2833 1437 2874 mendum
1486 2830 1675 2872 exstabat

182 2900 275 2947 181,
308 2899 358 2941 21
395 2914 487 2942 cum
527 2905 571 2942 lu
611 2902 694 2944 loco
732 2902 979 2957 innocentis,
1020 2902 1068 2943 in
1105 2915 1225 2954 quem
1255 2901 1365 2943 nihil
1399 2902 1488 2941 ueri
1519 2899 1672 2940 eonsti-
