1934 3278
528 245 582 279 De
608 247 728 279 sancto
754 246 948 280 Athanasio
974 246 1062 281 liber
1086 246 1111 281 Ι.
1492 250 1573 291 145

74 371 107 412 si
139 371 254 413 illam
286 371 561 425 malignorum
593 371 957 425 congregationem
988 372 1173 413 uestram
1214 372 1327 414 odire
1370 373 1564 427 digneris.

72 441 169 481 tunc
204 440 282 482 erit
313 440 415 482 deus
445 442 586 482 tecum
618 453 792 494 semper,
825 441 922 482 tunc
954 440 995 482 in
1026 441 1209 484 tenebris
1242 442 1396 484 orietur
1426 443 1566 485 lumen

72 510 160 560 tibi,
192 512 289 551 tunc
322 511 519 552 tenebrae
550 510 625 552 tibi
655 510 703 551 ut
732 510 929 552 meridies
962 511 1093 561 erunt,
1124 512 1223 552 tunc
1260 511 1300 552 in
1322 511 1441 553 bonis
1464 511 1566 553 diri-

71 579 192 633 getur
222 578 302 620 iter
332 579 463 621 tuum.
497 579 683 621 ceterum
715 579 749 621 si
779 579 820 620 in
851 580 929 621 hac
961 579 1200 633 peruicacia
1229 580 1444 630 manseris,
1468 580 1502 622 si
1524 580 1563 622 in

38 647 147 689 shac
180 646 444 697 crudelitate,
476 647 523 688 ut
555 659 699 689 seruos
725 647 814 688 eius
846 646 1021 698 crucies,
1054 660 1133 689 non
1163 648 1305 690 tecum
1338 648 1441 690 deus
1473 649 1564 692 erit,

71 715 144 757 sed
174 715 245 757 ille
269 716 338 770 qui
362 716 403 758 et
423 715 547 758 hodie
570 729 662 759 esse
684 717 725 758 in
748 716 887 758 uestro
910 717 1033 758 coetu
1053 716 1321 759 Atrianorum
1341 717 1564 772 inuenitur,

69 785 145 827 hoc
179 785 243 826 est
274 784 476 827 diabolus.
537 784 620 826 ista
651 784 805 826 etenim
839 797 945 837 quae
978 796 1102 838 agere
1136 783 1320 838 dignaris
1351 798 1430 827 non
1475 787 1570 827 sunt

71 853 151 902 dei,
185 853 258 894 sed
291 853 457 895 diaboli.
521 853 555 895 si
588 865 714 907 opera
745 853 810 895 est
839 853 913 894 illa
944 852 1025 903 dei,
1057 853 1104 893 ut
1133 853 1368 906 proscribas
1408 854 1558 905 certos,

69 934 141 964 cur
160 922 232 963 aut
247 922 522 964 Athanasium
546 921 775 963 antistitem
799 921 867 964 dei
888 934 967 963 non
991 921 1283 963 damnauerint
1302 922 1563 964 innocentem

21 1007 52 1032 ιο
70 992 141 1033 aut
179 1003 253 1032 cur
292 1003 371 1033 non
408 989 670 1032 cohaeretico
717 991 789 1032 tuo
831 990 1010 1044 Georgio
1050 991 1451 1032 communicauerint
1494 992 1566 1033 aut

68 1071 141 1101 cur
180 1072 224 1101 se
266 1059 407 1101 dicant
438 1059 710 1110 Christianos,
753 1071 826 1101 cur
862 1058 995 1101 nolint
1035 1058 1144 1100 effici
1181 1060 1452 1113 coapostatae
1490 1060 1565 1109 tui,

67 1140 286 1182 possumus
333 1141 431 1170 sane
476 1128 721 1179 aestimare,
770 1127 804 1169 si
850 1140 976 1181 opera
1023 1127 1100 1170 deo
1148 1128 1202 1169 sit
1240 1128 1419 1182 placita,
1465 1129 1566 1171 item

69 1197 102 1240 si
135 1197 396 1253 eleemosyna
428 1198 492 1239 est
521 1196 604 1239 ista
635 1209 760 1250 quam
784 1196 834 1238 de
855 1196 1041 1237 lacrimis
1065 1195 1139 1238 das
1162 1196 1321 1247 alienis,
1347 1197 1397 1239 de
1421 1210 1564 1239 eorum

67 1266 197 1316 bonis,
231 1266 300 1320 qui
334 1265 541 1320 deportari
563 1265 743 1307 interfici
766 1265 1049 1319 proscribique
1070 1264 1309 1307 maluerunt
1331 1279 1354 1307 a
1373 1266 1416 1308 te
1441 1279 1564 1320 quam

19 1348 49 1374 1⁵
70 1336 140 1377 aut
160 1335 421 1377 innocentem
446 1334 643 1376 damnare
663 1335 735 1376 aut
756 1346 909 1388 negare
931 1334 1098 1375 unicum
1122 1333 1188 1375 dei
1214 1333 1360 1384 filium,
1382 1334 1423 1376 in
1442 1348 1564 1388 quem

67 1403 285 1445 credentes
337 1403 526 1445 sciebant
565 1402 824 1458 glorificatos
863 1402 1075 1444 Abraham
1116 1402 1235 1444 Isaac
1281 1403 1322 1444 et
1358 1404 1485 1445 Iacob
1526 1405 1566 1445 et

67 1484 208 1514 omnes
229 1472 452 1526 prophetas
485 1471 695 1525 apostolos
719 1483 766 1513 ac
788 1471 1003 1525 martyres.
1029 1483 1204 1524 quorum
1225 1471 1267 1512 te
1289 1471 1380 1513 fieri
1403 1472 1561 1514 socium

68 1541 191 1594 atque
224 1540 413 1582 omnibus
444 1540 690 1594 participem
720 1553 787 1582 me
820 1552 986 1593 cupere,
1018 1553 1113 1581 mea
1143 1540 1256 1582 circa
1276 1541 1318 1582 te
1340 1541 1443 1582 haec
1468 1553 1558 1583 esse

66 1610 165 1651 uota
195 1609 265 1651 ille
300 1611 363 1651 est
394 1609 516 1651 testis
548 1609 618 1663 qui
650 1609 767 1651 nobis
798 1609 982 1651 tribuere
1015 1609 1091 1650 hoc
1123 1610 1270 1662 potens
1305 1610 1378 1651 est.

133 1756 153 1790 3
177 1755 344 1791 meridiae
376 1757 415 1796 V,
443 1768 505 1791 em.
532 1768 552 1791 v
661 1757 682 1790 4
706 1757 899 1802 peruicatia
1003 1758 1024 1792 6
1049 1759 1147 1793 coeto
1173 1769 1216 1792 m.
1244 1761 1263 1792 1
1375 1758 1395 1792 8
1422 1735 1478 1792 egatt
1499 1760 1565 1802 (⁸¹¹¹¹²

64 1860 107 1884 m.
134 1860 201 1883 ree.
228 1849 304 1882 nisi
322 1848 419 1891 forte
436 1848 536 1892 sint),
563 1850 644 1883 sunt
663 1860 682 1884 v
774 1849 795 1883 9
821 1839 879 1883 cur
905 1836 941 1894 (³l
963 1861 1007 1884 m.
1026 1851 1109 1893 rec.)
1137 1853 1170 1884 et
1188 1850 1241 1885 sic
1253 1850 1440 1894 proximis
1459 1849 1566 1885 lineis

67 1921 119 1952 ter
214 1918 253 1951 11
275 1918 548 1962 quoapostat8mi
576 1917 616 1962 (Sc
633 1917 674 1952 111
686 1919 778 1961 ras.)
875 1917 918 1951 12
941 1928 1123 1962 possumus
1149 1918 1296 1962 scripsi,
1321 1919 1468 1962 possunt
1498 1919 1566 1963 νυ,-

65 1974 129 2009 sed
154 1975 444 2019 perspicuitatis
477 1985 594 2010 causa
631 1974 714 2009 inde
749 1975 811 2017 (iii)
842 1986 1023 2020 possumus
1062 1975 1204 2020 malim;
1241 1977 1481 2020 coapostatae,
1514 1977 1565 2011 tui

63 2032 208 2074 possunt
238 2041 262 2065 s.
296 2031 480 2066 aestimare
512 2032 566 2066 sic
600 2032 753 2077 (listiny.
787 2044 805 2066 v
952 2033 1129 2096 aestimari
1163 2033 1256 2068 coni.
1290 2033 1472 2067 Latinius

64 2099 105 2143 si]
123 2098 185 2133 illa
201 2100 289 2134 add.
309 2111 334 2135 s.
354 2100 375 2135 l.
394 2113 437 2135 m.
457 2111 525 2135 rec.
543 2104 576 2136 et
597 2111 614 2135 υ
707 2101 779 2135 sint
795 2113 815 2136 v
910 2101 952 2135 13
970 2101 1127 2136 clemona
1221 2101 1263 2136 19
1281 2111 1327 2135 m:
1346 2111 1564 2136 ATHANASIO

63 2159 123 2203 m}
147 2178 162 2203 1
186 2178 358 2204 nxpucm
383 2179 524 2204 memn-
548 2163 609 2205 ui}
633 2180 665 2205 11
