1934 3278
1547 274 1677 306 XXXV

171 386 296 429 nasio
326 385 548 429 uindicari
577 385 867 428 innocentiam
895 399 923 427 a
952 386 1040 428 deo
1072 385 1193 441 (adeo
1214 385 1299 434 Vv3
1332 387 1595 440 comparatur
1615 387 1674 430 ibi

170 454 425 497 Athanasius
451 453 679 503 Susannae,
711 454 781 495 cui
811 466 836 495 a
866 453 944 496 deo
977 453 1213 497 innocentia
1242 453 1459 496 uindicata
1490 455 1587 508 est).
1617 481 1675 488 —-

171 524 266 576 178,
298 523 354 565 20
393 522 595 577 optimam
623 521 778 564 Latinii
819 522 1153 565 emendationem
1191 523 1330 577 qaude
1369 523 1507 566 adhuc
1546 526 1672 579 (qau-

169 593 270 635 deas
303 592 376 635 hoc
404 594 449 645 v)
496 591 629 634 codex
673 589 895 633 confirmat
941 591 1011 644 qui
1053 591 1240 646 qaudeat
1283 590 1363 639 huc
1409 591 1587 634 exhibet.
1618 617 1674 624 —

172 661 266 713 195,
301 662 354 704 15
395 660 568 705 calcans
597 673 639 702 es
677 660 830 702 etenim
869 659 1083 703 dominica
1121 660 1347 713 mandata,
1395 673 1507 703 cum
1546 674 1674 714 quae

171 733 363 785 (cumque
391 729 448 783 V)
489 728 563 772 ille
602 728 769 771 seruari
809 729 1002 771 sanxerit
1041 731 1088 770 tu
1127 742 1214 772 non
1253 731 1420 771 tantum
1458 742 1546 771 non
1586 742 1674 772 esse

167 797 385 840 seruanda
413 798 600 853 mande3‚
638 797 711 840 scd
741 799 781 839 et
813 797 957 850 ipsum
985 797 1136 852 neyari
1157 797 1418 852 praecipias.
1469 797 1530 841 sic
1562 799 1676 843 enim

166 866 415 909 insolentem
453 866 496 908 in
539 865 752 908 enuntiato
791 865 1012 920 principali
1054 865 1274 908 modorum
1304 865 1580 908 uariationem
1613 870 1674 922 (cs

166 935 338 978 calcans
366 961 422 967 —
452 935 646 988 mandes)
693 934 877 977 uitamus
919 935 1212 989 obiectumque
1253 935 1365 989 quod
1406 947 1530 989 aegre
1569 948 1671 989 sup-

165 1004 304 1058 pletur
346 1005 639 1046 nanciscimur.
671 1029 726 1036 —
757 1005 855 1056 201,
887 1004 914 1046 3
946 1007 1078 1047 tecum
1111 1007 1165 1060 (te
1195 1018 1289 1047 cum
1320 1002 1425 1056 Vv);
1462 1004 1513 1045 cf.
1547 1016 1673 1058 supra

164 1086 203 1127 p.
237 1073 413 1115 XXVII.
444 1099 500 1105 —-
531 1074 629 1124 216,
661 1073 715 1114 27
747 1086 807 1115 an
836 1073 1046 1127 numquid
1069 1075 1253 1128 (annum
1272 1072 1375 1126 quid
1396 1073 1446 1123 V,
1478 1073 1673 1114 animum

164 1142 267 1196 quid
296 1155 351 1184 m.
383 1142 410 1184 2
442 1142 485 1184 et
513 1143 559 1195 v)
592 1142 785 1184 decuerat
815 1141 939 1184 aliud
965 1154 1248 1195 praecessores
1277 1141 1478 1183 nostros?
1506 1153 1580 1195 per
1611 1155 1671 1184 an

163 1211 386 1264 numquid
433 1210 566 1252 altera
614 1210 886 1264 interrogatio
931 1210 1153 1252 incohatur
1190 1210 1238 1251 ut
1278 1208 1445 1262 saepius
1483 1221 1558 1262 per
1595 1212 1670 1251 aut

162 1279 373 1332 numquid
411 1279 478 1330 10,
512 1280 549 1320 1.
581 1279 649 1330 43,
682 1279 750 1321 29.
782 1278 851 1330 98,
883 1278 909 1320 9
934 1278 986 1321 al.
1017 1303 1074 1310 —-
1104 1279 1201 1329 225,
1242 1278 1265 1320 7
1304 1279 1364 1320 sic
1401 1280 1440 1319 et
1476 1278 1667 1323 Iudaeis.

162 1360 340 1399 quorum
369 1347 578 1389 imitator
610 1360 658 1389 es
691 1347 944 1402 (imitatores
974 1346 1025 1399 V,
1063 1347 1301 1389 imitatores
1330 1347 1428 1388 estis
1457 1347 1516 1400 v),
1548 1347 1667 1389 uide-

162 1417 321 1458 bantur
365 1416 656 1459 contumeliosi
700 1416 942 1471 prophetae.
1011 1416 1065 1458 ad
1112 1415 1404 1459 Constantium
1453 1415 1582 1457 etiam
1625 1415 1666 1456 in

162 1485 434 1538 praecedenti
465 1485 597 1528 oratio
630 1485 792 1528 directa
823 1487 899 1528 est.
921 1512 977 1518 —
1007 1487 1105 1537 231,
1137 1486 1192 1528 23
1223 1487 1517 1540 οορίΐααενιιηύ
1542 1486 1666 1529 dura.

161 1554 233 1607 fac
263 1557 310 1596 tu
343 1555 474 1609 (dura
503 1554 623 1608 facta
651 1555 703 1607 V,
740 1555 864 1598 dura.
908 1555 970 1597 Et
998 1557 1071 1609 fac
1102 1554 1209 1597 coni.
1243 1553 1511 1607 Gallandius)
1542 1567 1670 1607 super

161 1635 323 1664 omnem
341 1626 504 1677 yentem
523 1624 665 1666 sciant
696 1624 1034 1680 (ἐβουλεύσαντο
1056 1627 1235 1679 σκληρά.
1266 1625 1340 1666 καὶ
1368 1623 1587 1678 ποίησον).
1610 1647 1665 1652 -

160 1692 258 1743 267,
289 1692 318 1733 4
354 1692 462 1734 olicis
497 1706 561 1735 mc
600 1693 960 1748 contumeliosum,
1001 1693 1112 1746 quia
1144 1695 1194 1734 et
1223 1693 1316 1747 (qui
1346 1694 1414 1734 aet
1443 1692 1494 1743 V,
1525 1692 1599 1744 qui
1629 1694 1667 1733 ct

157 1766 202 1819 v)
234 1779 299 1808 me
327 1769 364 1808 ct
394 1765 502 1808 mihi
531 1767 768 1809 commissos
797 1767 879 1809 sim
909 1767 1083 1820 cupiens
1111 1779 1199 1808 non
1228 1766 1468 1808 uulnerari.
1490 1790 1546 1796 —-—
1566 1764 1663 1809 306.

158 1838 214 1882 20
245 1854 324 1883 nos
352 1854 452 1883 uero
482 1831 616 1884 alieni
646 1841 698 1883 ab
730 1842 846 1883 omni
875 1841 1052 1884 scicntia
1082 1840 1441 1883 ethnicalium
1483 1842 1535 1895 (et
1567 1839 1665 1881 hinc

158 1908 250 1950 aliu
282 1909 331 1960 V,
365 1913 401 1952 et
431 1909 531 1952 hinc
562 1909 694 1952 alieni
723 1911 767 1963 v)
811 1909 1052 1952 litterarum
1083 1909 1141 1951 ad
1172 1922 1334 1951 omnem
1366 1908 1662 1950 destruendam

158 1976 370 2020 haeresem
407 1978 608 2021 ualemus.
641 2003 697 2010 -—
726 1982 773 2020 tu
804 1993 854 2021 ac
885 1979 948 2021 tui
978 1979 1192 2021 adiutores
1222 1978 1460 2020 litterarum
1491 1977 1661 2019 ethni-

157 2046 356 2088 calium
386 2049 444 2101 (et
471 2046 571 2089 hinc
602 2047 738 2089 aliam
760 2047 841 2101 Vv)
866 2048 1047 2101 plenam
1077 2047 1260 2089 auccistis
1293 2046 1517 2101 (hausistis
1546 2044 1659 2097 fort.)

155 2118 303 2157 artem.
347 2115 603 2157 adiectiuum
633 2128 788 2165 rarum,
822 2116 933 2170 quod
966 2116 1075 2169 apud
1109 2115 1414 2157 Tertullianum
1447 2115 1497 2157 de
1531 2115 1659 2168 spect.

156 2195 191 2224 c.
224 2184 251 2225 5
284 2184 432 2233 exstat,
481 2184 814 2226 describentibus
860 2184 995 2226 fraudi
1040 2185 1130 2226 fuit,
1182 2184 1389 2225 nominem
1434 2184 1574 2225 tamen
1619 2182 1658 2223 in

154 2251 323 2293 traditis
360 2251 498 2293 uerbis
529 2264 653 2294 sensu
686 2252 797 2293 omni
828 2252 1067 2294 carentibus
1099 2252 1319 2294 offendisse
1357 2251 1446 2292 iuro
1482 2251 1656 2292 mireris.

152 2345 210 2351 —-
241 2320 338 2370 310,
371 2321 426 2362 22
467 2323 514 2362 tu
543 2321 617 2374 qui
649 2334 779 2362 ausus
816 2321 952 2374 fueris
982 2345 1036 2350 —
1070 2320 1111 2361 et
1141 2321 1224 2362 uis
1255 2324 1298 2362 tc
1331 2322 1455 2375 (iuste
1484 2321 1534 2369 V,
1568 2320 1658 2360 viure

152 2392 190 2430 te
223 2388 491 2442 Gallandius)
516 2389 753 2442 perfectum
778 2388 976 2430 cultorem
1006 2388 1074 2430 dci
1094 2414 1149 2421 -
1172 2390 1371 2430 uocitare.
1415 2387 1656 2429 concinnius

156 2457 283 2498 etiam
307 2457 361 2498 sit
392 2461 445 2499 tu
476 2458 545 2499 uis
567 2460 617 2499 te.
662 2455 850 2498 eiusdem
872 2457 958 2498 sere
979 2457 1145 2510 generis
1168 2458 1231 2498 cst
1261 2457 1357 2507 299,
1380 2457 1434 2498 23
1454 2458 1512 2510 ui,
1545 2455 1654 2509 quod

157 2525 291 2567 Tilius
337 2538 386 2568 ex
430 2526 479 2567 in
524 2525 624 2566 fecit
671 2525 711 2566 et
750 2525 846 2575 268,
882 2526 935 2567 10
973 2527 1067 2568 iure
1110 2525 1220 2579 quod
1253 2539 1274 2566 c
1305 2539 1400 2568 uere
1432 2525 1567 2567 elicui.
1600 2550 1654 2555 -

152 2592 250 2646 310,
281 2594 338 2635 24
382 2607 478 2636 cum
522 2594 660 2636 adhuc
705 2597 742 2636 te
786 2607 916 2648 neque
962 2593 1174 2636 crudelior
1210 2607 1339 2648 neque
1376 2594 1657 2637 detestabilior

150 2675 282 2716 neque
327 2662 377 2703 in
406 2662 679 2715 blasphemiis
709 2662 848 2705 maior
877 2676 1119 2716 umquam
1158 2664 1388 2718 (maiorum
1418 2676 1546 2716 quam
1576 2661 1653 2703 Vv.

151 2731 291 2771 maior
320 2744 450 2783 quam
477 2730 606 2783 Gall.)
641 2732 867 2785 quisquam
897 2746 1040 2774 eorum
1071 2745 1214 2786 reyum
1243 2733 1375 2786 fuisse
1406 2732 1651 2786 reperiatur.

149 2825 206 2830 —
237 2799 334 2849 312,
368 2799 391 2840 7
423 2800 532 2853 quod
562 2801 674 2842 enim
704 2803 763 2842 est
795 2801 1076 2855 potissimum,
1115 2802 1330 2854 sapientia
1359 2801 1482 2842 erecti
1515 2800 1648 2853 (sapi-

150 2867 288 2909 entiae
323 2869 423 2910 recti
458 2868 541 2921 Vv)
575 2882 624 2911 ac
654 2869 812 2911 muniti
841 2870 1044 2912 ualemus.
1088 2869 1189 2911 nihil
1219 2870 1345 2912 refert
1376 2868 1486 2922 quod
1517 2867 1652 2909 maxi-
