1934 3278
241 271 324 311 2665
903 267 1099 301 Luciferi

238 407 367 437 mare.
401 394 471 447 qui
503 407 605 447 quos
639 394 719 435 alio
752 393 875 435 modo
908 406 1175 446 corrumpere
1198 406 1277 434 non
1300 394 1485 447 potueris
1510 407 1533 435 a
1555 395 1750 442 ueritate,

241 462 460 504 nonnullos
492 462 650 516 ingenti
681 462 867 515 praemio
898 462 1149 503 facultatum
1180 463 1348 503 tuarum
1380 463 1637 516 corruperis,
1678 464 1748 517 qui

239 524 401 573 certum
432 543 651 572 numerum
684 542 910 583 egenorum
946 530 1007 571 ita
1044 530 1392 583 loeupletaueris7
1439 532 1486 572 ut
1525 532 1748 574 comitibus

238 601 322 642 tuis
346 600 397 641 de
422 599 664 640 diuitiarum
695 598 985 652 magnitudine
1006 599 1168 652 possint
1191 600 1391 652 aequari?
1424 600 1552 641 Iudas
1574 601 1745 653 postea-

241 683 366 723 quam
406 669 567 720 facinus
609 682 728 710 suum
771 667 975 718 aduertit,
1022 667 1174 721 laqueo
1215 667 1351 709 finiuit
1389 668 1542 716 uitam3
1590 670 1636 709 tu
1677 669 1747 722 qui

238 751 311 792 pro
343 737 631 791 magnitudine
662 736 859 777 maleficii
890 736 953 777 tui
984 736 1141 778 maiore
1174 736 1346 778 mereris
1373 736 1501 789 plecti
1527 737 1745 790 supplicio,

241 808 340 860 quid
374 807 453 848 eris
488 807 670 855 acturus,
706 818 802 846 cum
834 805 943 846 malo
976 806 1019 846 te
1050 805 1202 846 fecisse
1236 818 1326 846 sero
1358 805 1460 846 licet
1486 806 1745 859 cognoueris,

237 889 333 917 cuin
368 888 416 916 ea
449 888 554 928 quae
587 887 693 915 nunc
726 875 901 927 possunt
939 874 1178 927 conspicere
1216 874 1386 915 minime
1420 875 1635 927 suppurati
1667 888 1745 916 ue-

240 958 342 986 neno
374 944 586 985 haeretico
621 943 730 984 oculi
761 943 823 983 tui
855 942 999 983 uidere
1033 943 1274 995 coeperint?
1314 944 1354 984 et
1384 944 1539 993 tamen,
1575 944 1608 985 si
1640 944 1746 985 uelis

238 1014 431 1062 credere,
483 1012 718 1053 dimittatur
757 1011 833 1053 tibi
873 1024 1046 1052 necesse
1089 1012 1153 1052 est
1190 1011 1234 1052 id
1274 1011 1386 1064 quod
1427 1024 1475 1052 ex
1511 1012 1747 1065 ignorantia

238 1083 362 1136 geris,
398 1082 521 1123 sicuti
545 1082 765 1122 dimissum
790 1082 914 1122 beato
936 1081 1067 1122 Paulo
1093 1081 1278 1134 apostolo
1302 1081 1510 1130 aduertis;
1545 1081 1605 1122 sin
1630 1094 1744 1131 uero,

238 1152 294 1193 sic
331 1152 410 1193 eris
442 1153 488 1192 ut
520 1143 959 1192 Iudasdescensurus
993 1150 1045 1191 ad
1076 1150 1279 1191 infernam
1312 1151 1490 1200 noctem,
1523 1151 1621 1191 tunc
1652 1150 1743 1191 dic—

234 1222 354 1261 turus
388 1221 447 1261 eis
479 1220 548 1272 qui
580 1220 622 1260 te
653 1231 761 1260 nunc
795 1220 899 1260 haec
931 1219 1069 1260 facere
1108 1219 1427 1272 conpulserunt,
1460 1221 1537 1261 hoc
1573 1222 1636 1261 est
1668 1234 1742 1262 co-

237 1289 410 1330 arrianis
441 1289 548 1330 tuis:
591 1289 770 1341 peccaui
801 1288 1036 1339 uobiscum,
1084 1301 1246 1341 neyans
1276 1288 1453 1329 unicam
1483 1289 1551 1330 dei
1578 1288 1745 1342 filium;

227 1360 405 1413 peccaui
438 1359 655 1400 tribuendo
685 1358 803 1400 uobis
835 1359 1129 1399 auctoritatem
1151 1358 1208 1398 ad
1229 1358 1318 1399 eius
1339 1361 1557 1400 aeternam
1577 1372 1740 1412 περιιπ-

232 1429 333 1470 dam,
364 1429 641 1469 clementiam.
674 1428 773 1468 tunc
807 1439 902 1468 cum
935 1439 1189 1479 cognoscere
1221 1427 1409 1479 coeperis
1440 1427 1571 1480 patris
1605 1429 1645 1468 et
1667 1428 1743 1469 filii

234 1499 275 1539 et
308 1497 477 1550 spiritus
510 1497 643 1538 sancti
676 1509 803 1537 unam
835 1508 909 1537 nos
940 1496 1055 1536 recte
1088 1495 1278 1536 confiteri
1309 1496 1614 1544 aeternitatem,
1648 1510 1743 1538 cum

235 1566 377 1606 uidere
418 1566 605 1618 coeperis
646 1565 757 1618 quod
796 1578 879 1606 una
921 1565 974 1605 sit
1010 1564 1256 1617 magnitudo
1289 1577 1453 1617 unaque
1485 1566 1672 1618 potentia
1702 1567 1744 1607 in

231 1636 349 1688 patre
384 1636 424 1675 et
455 1635 494 1675 in
527 1635 649 1675 unico
682 1634 768 1675 filio
803 1634 892 1674 eius
926 1634 967 1673 et
997 1633 1037 1673 in
1071 1634 1214 1674 sancto
1237 1634 1451 1686 paracleto
1479 1634 1639 1687 spiritu,
1671 1636 1744 1676 ubi

230 1706 328 1745 tune
373 1704 492 1744 erunt
533 1703 602 1756 qui
640 1703 682 1743 te
722 1703 962 1755 inpulerunt
1005 1702 1057 1742 ad
1098 1703 1174 1742 hoc
1208 1702 1532 1754 perpetrandum
1566 1704 1742 1744 sacrile-

231 1773 359 1827 gium,
393 1774 439 1814 ut
472 1773 587 1813 dicas
621 1772 674 1813 ad
708 1785 800 1814 eos:
824 1772 1063 1826 paeniteor,
1095 1772 1200 1825 quia
1230 1771 1443 1813 uobiscum
1464 1772 1530 1814 dez·
1551 1773 1743 1814 inimicis

229 1842 510 1890 cucurrerim,
557 1842 661 1894 quia
706 1841 918 1883 uobiscum
964 1841 1120 1894 fuerim
1150 1844 1396 1893 persecutus
1436 1841 1504 1882 dec·
1541 1842 1742 1883 domum?

228 1912 370 1952 tecum
403 1911 523 1951 erunt
554 1911 640 1951 sine
675 1910 799 1952 dubio
831 1910 870 1950 in
906 1910 1108 1963 gehenna.
1165 1909 1235 1950 ubi
1274 1910 1370 1949 tunc
1416 1911 1534 1950 erunt
1567 1910 1740 1951 diuitiae

228 1979 346 2032 regni
377 1979 452 2028 tui,
487 1991 592 2031 quae
624 1978 701 2019 tibi
733 1991 811 2020 non
846 1978 899 2018 ad
932 1978 1125 2027 salutem,
1160 1977 1235 2018 sed
1268 1978 1490 2030 proficiunt
1523 1979 1575 2019 ad
1600 1981 1739 2021 aeter-

231 2061 327 2089 num
358 2049 477 2088 tuum
509 2047 754 2088 interitum?
806 2048 998 2100 optamus
1032 2046 1222 2099 quidem,
1271 2048 1317 2087 ut
1347 2047 1424 2088 tibi
1456 2047 1603 2089 salutis
1639 2050 1738 2090 tuae

226 2116 395 2157 inimico
430 2115 623 2169 dignetur
654 2116 845 2157 reuelare
879 2116 981 2157 deus
1013 2116 1236 2156 ueritatem
1268 2128 1542 2170 emergasque
1567 2130 1586 2158 e
1610 2118 1738 2159 tantis

227 2185 435 2238 periculis.
471 2185 657 2226 ceterum
691 2186 892 2238 quantum
924 2185 964 2225 in
998 2184 1156 2225 scelere
1191 2184 1246 2225 sis
1281 2185 1526 2226 eminentior
1558 2187 1607 2227 ab
1632 2185 1738 2227 Sca-

226 2255 335 2295 rioth
367 2253 493 2303 Iuda,
540 2266 620 2294 uon
654 2254 717 2294 est
747 2254 901 2295 laboris
942 2253 1186 2303 aestimare,
1237 2254 1575 2306 quandoquidem
1606 2256 1652 2296 tu
1685 2256 1739 2296 ad

229 2324 317 2364 eius
352 2322 616 2363 diuinitatem
648 2323 886 2375 negandam
909 2335 1073 2364 omnem
1097 2322 1396 2364 conuocaueris
1420 2323 1575 2373 orbem,
1608 2324 1737 2365 Iudas

226 2405 326 2433 uero
359 2392 458 2433 solis
489 2391 572 2432 illis
606 2391 819 2432 dominum
850 2391 1074 2432 tradiderit
1106 2391 1175 2444 qui
1214 2391 1254 2431 in
1297 2405 1391 2432 eum
1423 2392 1602 2434 necdum
1642 2406 1736 2435 cre-

227 2461 441 2509 diderant3
488 2461 534 2500 tu
567 2461 711 2501 contra
745 2461 870 2502 etiam
904 2473 974 2501 eos
1006 2472 1235 2513 prouocare
1269 2460 1464 2513 dignatus
1498 2474 1541 2502 es
1576 2462 1627 2502 ad
1659 2476 1735 2504 ne-

226 2529 407 2582 gandam
442 2529 530 2570 eius
565 2528 766 2570 deitatem
799 2529 867 2582 qui
899 2529 984 2570 iam
1023 2529 1300 2570 crediderant.
1354 2529 1482 2570 ludas
1514 2530 1618 2571 nulli
1651 2532 1735 2572 uim

224 2598 366 2638 intulit
397 2600 444 2638 ut
489 2611 632 2639 secum
672 2598 849 2651 periret,
893 2598 939 2638 tu
980 2598 1126 2638 contra
1164 2610 1258 2638 cum
1298 2597 1468 2638 militari
1512 2612 1637 2640 manu
1679 2601 1735 2641 sis

224 2679 413 2719 pugnans
447 2668 590 2708 contra
622 2679 695 2708 nos
729 2680 831 2720 quos
864 2666 1084 2720 cognoscis
1117 2666 1310 2715 credere,
1354 2667 1559 2719 quomodo
1601 2669 1734 2721 patri-

292 2825 312 2857 5
340 2801 467 2858 §uertit
495 2825 523 2865 (11
550 2837 591 2859 m.
620 2826 700 2868 alt.)
822 2827 862 2860 11
891 2825 1033 2860 dimisso
1140 2826 1182 2861 13
1208 2825 1436 2870 conpulerunt
1460 2838 1480 2860 sc
1599 2829 1733 2871 quoari—

222 2882 297 2915 anis
393 2881 436 2913 20
463 2880 507 2914 ad
533 2893 563 2920 v,
592 2887 629 2914 ut
664 2883 695 2916 V
784 2883 827 2916 25
853 2883 1032 2917 interitum
1132 2882 1175 2917 33
1203 2883 1262 2926 sis]
1290 2893 1325 2915 es
1351 2887 1536 2926 escspectes

1767 1021 1800 1047 10

1767 1362 1798 1386 15

1762 1708 1795 1732 20

1759 2056 1793 2080 ‘35

1756 2398 1790 2423 30
