1934 3278
561 233 614 267 De
640 234 761 267 sancto
787 232 982 267 Athanasio
1008 233 1098 268 liber
1121 234 1147 268 I.
1554 239 1604 280 81

106 356 206 410 quid
238 358 288 407 ei,
335 370 458 411 quem
497 371 575 400 non
616 358 893 409 ordinauerit,
940 371 1063 412 quem
1104 372 1181 401 non
1224 360 1410 413 elegerit,
1455 363 1609 414 poterit

106 438 197 467 esse
226 426 460 479 propitius?
490 426 589 468 talis
612 427 677 468 est
700 427 919 480 Georgius,
953 428 1089 480 qualis
1110 428 1248 470 fuerat
1268 428 1414 471 Arrius
1436 430 1606 483 quales-

104 506 184 546 que
229 495 325 535 sunt
360 494 517 536 Valens
565 495 606 536 et
646 495 846 537 Vrsacius
892 496 961 537 uel
1007 496 1060 537 ad
1107 509 1229 550 quem
1275 510 1342 537 me
1389 497 1607 540 destinasti

105 562 566 618 German<ici>ensium
587 563 794 612 Adoxius3
827 577 960 617 neque
985 565 1093 606 enim
1114 565 1284 618 possent
1304 565 1382 606 nisi
1405 565 1457 607 de
1480 567 1607 619 spinis

67 640 84 664 ⁵
102 630 245 683 spinae
275 631 516 684 procedere.
548 632 652 674 haec
683 631 745 673 ita
776 645 820 675 se
843 633 996 675 habere
1028 646 1076 675 ex
1099 634 1261 675 actibus
1282 634 1413 687 ipsius
1438 635 1607 688 Georgii

99 698 245 752 legens
291 699 619 742 contestationes
665 700 1040 743 Alexandrinorum
1091 702 1246 755 poteris
1293 702 1514 756 colligere;
1565 705 1608 745 et

100 767 292 820 quamuis
329 767 406 809 tibi
438 768 690 810 sceleratum
729 769 1021 823 blasphemum
1059 770 1179 812 illum
1220 783 1313 813 esse
1352 771 1521 824 placeat
1552 798 1605 802 -—

100 848 234 889 neque
267 836 375 878 enim
416 837 538 879 aliter
567 838 643 880 tibi
684 838 795 880 esset
827 839 1151 888 amantissimus,
1191 839 1270 881 nisi
1302 839 1400 893 quia
1431 840 1485 882 sit
1517 853 1601 882 sce—

98 904 258 947 leratus
296 931 372 955 -‚
418 906 561 948 tamen
607 907 710 948 haec
753 919 801 948 eo
839 907 1104 960 protulerim,
1150 907 1199 948 ut
1238 907 1433 949 eximiam
1472 909 1606 961 possis

48 988 82 1013 10
99 985 269 1014 cernere
301 986 469 1027 operam
499 975 630 1016 tuam.
691 987 788 1016 cum
817 975 945 1029 igitur
983 987 1063 1017 non
1096 987 1187 1017 esse
1221 975 1345 1017 deum
1377 988 1606 1030 cognoscas

99 1054 194 1083 cum
230 1043 425 1097 Georgio,
458 1043 534 1085 sed
566 1056 658 1085 esse
692 1043 888 1086 aduertas
910 1055 1007 1085 cum
1028 1043 1272 1094 Athanasio,
1306 1056 1430 1098 quem
1452 1046 1605 1098 populo

100 1123 174 1152 suo
204 1111 436 1153 instituerit
467 1112 714 1162 antistitem,
757 1124 1009 1166 cognoscere
1048 1111 1221 1153 tandem
1259 1113 1416 1166 poteris
1457 1113 1523 1154 dei
1562 1115 1605 1155 te

98 1179 402 1222 ordinationem
440 1180 570 1223 fuisse
614 1180 812 1223 conatum
858 1180 1095 1231 destruere,
1146 1180 1270 1222 deum
1314 1181 1357 1222 te
1395 1181 1524 1224 fuisse
1562 1182 1603 1224 in

97 1248 327 1291 Athanasio
373 1250 653 1303 persecutum.
717 1249 837 1292 audis
877 1251 985 1291 enim
1025 1250 1164 1291 dicere
1207 1249 1333 1291 deum
1381 1250 1433 1291 ad
1470 1251 1605 1305 Moysi

46 1331 79 1357 15
97 1330 404 1360 successorem:
451 1319 557 1361 sicat
587 1332 702 1361 eram
743 1332 837 1360 cum
868 1320 1029 1372 Moyse,
1069 1319 1130 1360 sic
1170 1332 1238 1360 ero
1267 1322 1412 1372 tecum,
1449 1321 1488 1360 et
1517 1332 1605 1361 non

96 1387 383 1440 derelinquam
413 1390 451 1430 te
488 1401 621 1441 neque
650 1388 880 1440 despiciam
912 1390 961 1442 te,
1001 1399 1099 1429 ecce
1133 1387 1214 1429 alio
1245 1387 1361 1429 loco:
1392 1388 1606 1430 inualesce

95 1458 134 1498 et
161 1456 351 1498 uiriliter
381 1470 456 1510 aye
486 1457 695 1498 custodire
725 1459 762 1497 et
790 1457 929 1509 facere
960 1457 1068 1498 sicut
1091 1456 1314 1509 praecepit
1333 1455 1410 1496 tibi
1433 1456 1602 1510 Moyses

91 1538 201 1578 puer
229 1537 355 1567 meus.
397 1528 434 1566 et
464 1538 548 1566 non
578 1525 808 1566 declinabis
845 1538 895 1566 ex
927 1524 1009 1565 illa
1039 1524 1189 1565 dextra
1219 1527 1297 1565 aut
1323 1524 1516 1573 sinistra,
1556 1528 1605 1566 ut

96 1592 316 1647 intelleyas
345 1594 395 1634 ‘m
425 1593 615 1634 omnibus
645 1606 927 1646 quaecumque
958 1593 1064 1645 aqis.
1116 1595 1155 1633 et
1191 1605 1278 1633 non
1309 1592 1465 1634 recedet
1497 1593 1603 1635 liber

45 1680 78 1705 20
97 1662 198 1715 leyis
228 1661 356 1703 huius
385 1675 434 1703 ex
465 1675 534 1703 ore
565 1665 646 1710 tuo,
688 1665 724 1702 et
755 1661 1019 1703 meditaberis
1057 1662 1106 1702 in
1137 1673 1181 1701 eo
1210 1661 1278 1702 die
1307 1673 1357 1702 ac
1387 1663 1515 1715 nocte,
1556 1664 1602 1702 ut

96 1730 307 1772 custodias
337 1730 474 1782 facere
494 1730 701 1771 uniuersa
722 1743 830 1782 quae
850 1730 1009 1782 scripta
1030 1732 1142 1771 sunt.
1175 1732 1276 1770 tunc
1296 1728 1483 1782 diriyam
1503 1730 1603 1770 uias

97 1801 193 1840 tuas
223 1801 262 1840 et
291 1802 390 1840 tunc
421 1799 651 1852 intelleqes.
683 1812 766 1840 ecce
782 1799 982 1851 praecepa·
1003 1799 1092 1849 tibi,
1125 1797 1335 1839 inualesce
1356 1800 1394 1838 et
1414 1797 1603 1838 uiriliter

96 1881 199 1921 a9e;
237 1881 326 1909 non
363 1870 423 1909 est
451 1868 559 1921 quod
588 1880 845 1920 expauescas
875 1880 1005 1920 ‘neque
1037 1867 1198 1921 timeas,
1240 1866 1442 1918 quoniam
1472 1869 1605 1907 tecum

96 1939 154 1979 est
184 1936 383 1978 dominus
413 1936 515 1977 deus
547 1938 644 1977 taus
673 1936 723 1977 in
753 1936 870 1977 omni
903 1936 1001 1977 loco.

43 2022 78 2047 85
152 2005 203 2048 X.
237 2006 326 2046 Iam
359 2005 550 2058 superest
578 2006 636 2055 te,
678 2005 767 2046 siue
806 2006 852 2046 tu
891 2005 979 2046 siue
1014 2003 1220 2056 Georgius
1253 2016 1359 2056 quae
1390 2002 1535 2056 geritis
1568 2003 1600 2044 si

96 2075 192 2116 sunt
228 2074 442 2116 uenientia
480 2087 528 2115 ex
570 2074 637 2115 dei
676 2073 901 2122 mandatis,
942 2072 1129 2125 probare.
1194 2071 1313 2113 audis
1354 2071 1463 2112 enim
1502 2084 1599 2124 pro-

94 2142 260 2184 mittere
294 2156 337 2184 se
376 2143 499 2184 deum
538 2142 724 2184 futurum
765 2154 861 2183 cum
901 2152 1143 2182 successore
1182 2140 1353 2194 Moysis,
1394 2139 1600 2192 quomodo

95 2211 221 2253 fuerit
254 2212 295 2252 et
326 2224 421 2252 cum
453 2211 610 2265 Moyse,
645 2211 679 2252 si
711 2210 834 2251 modo
867 2222 973 2262 quae
1006 2208 1163 2250 suntin
1188 2208 1294 2249 libro
1315 2208 1422 2261 legis
1446 2208 1601 2260 scripta

95 2280 340 2322 seruauerit.
403 2279 434 2321 si
467 2280 594 2333 igitur
634 2280 681 2320 ut
710 2280 814 2320 haec
854 2291 977 2333 geras
1017 2277 1217 2330 scriptum
1260 2290 1336 2319 non
1377 2276 1598 2322 inueneris,

234 2406 275 2440 15
302 2405 366 2440 Ios.
394 2406 425 2446 l,
451 2406 471 2438 5
567 2405 608 2438 16
635 2404 681 2438 ib.
709 2405 740 2444 1,
769 2405 857 2437 7—9

162 2531 183 2565 2
207 2531 325 2565 Arrius
353 2531 478 2574 Celeri,
505 2531 661 2564 arrianus
693 2531 752 2571 Vr,
778 2530 897 2563 Arrius
922 2531 1002 2562 tuus
1028 2529 1116 2571 sort.
1236 2527 1419 2571 qualesque
1446 2526 1593 2570 scripsi,

96 2589 213 2634 quales
240 2589 296 2632 qui
329 2589 376 2623 Vv
514 2587 535 2621 3
560 2587 712 2621 ursatius
850 2587 870 2619 4
895 2585 1173 2629 germanensium
1208 2586 1272 2618 Vn:
1303 2595 1366 2619 em.
1393 2584 1507 2617 (Ioleti

95 2647 116 2681 8
141 2647 252 2681 esset*
279 2647 310 2690 (t
335 2646 444 2687 eras.)
557 2645 596 2678 11
625 2644 788 2677 aducrtas
815 2655 880 2677 om.
907 2654 927 2676 v
1038 2642 1080 2675 13
1105 2644 1292 2694 connatum
1403 2641 1441 2673 14
1469 2640 1598 2684 Moysis

96 2727 115 2749 v
254 2715 296 2749 16
322 2713 503 2758 dispiciam
599 2713 639 2746 17
658 2711 792 2745 custodi
812 2713 847 2744 ct
864 2710 918 2744 fac
939 2710 1129 2744 Sabatier:
1153 2709 1249 2752 ἴσχυε
1268 2703 1336 2743 οὖν
1353 2708 1411 2741 καὶ
1429 2707 1597 2750 ἀνδρίζου

95 2773 348 2816 φυλάσσεσθαι
372 2770 433 2803 καὶ
448 2773 565 2803 ποιεῖν
591 2769 705 2803 LXX
799 2768 843 2801 22
868 2767 1051 2811 intelleges
1078 2773 1127 2803 (es
1146 2778 1189 2800 ex
1206 2777 1243 2800 as
1263 2778 1304 2801 m.
1324 2768 1359 2809 1)
1456 2766 1497 2799 27
1524 2775 1597 2799 suc-

94 2840 263 2864 cessorem
289 2840 331 2863 m.
359 2832 377 2862 1
473 2827 517 2861 28
542 2838 682 2880 moysen

163 2907 271 2943 XIIII.
1438 2903 1458 2935 6
