1934 3278
542 250 595 285 De
619 252 742 285 sancto
768 249 962 285 Athanasio
989 250 1078 285 liber
1102 250 1127 285 1.
1510 253 1589 295 127

86 376 231 420 cordia
261 377 364 431 eius,
396 379 435 418 et
463 376 645 419 excussit
675 375 948 419 Pharaonem
978 379 1018 419 et
1046 377 1273 419 exercitum
1293 377 1383 419 eius
1404 378 1453 419 iu
1473 392 1592 420 mare

86 446 274 489 rubrum.
336 458 418 500 qua
450 445 501 487 de
531 459 576 488 re
607 447 710 488 haec
743 445 901 499 scripta
928 445 1117 496 inuenio,
1140 448 1142 451 ’
1165 445 1243 487 nisi
1283 447 1330 487 ut
1360 446 1590 497 crederem,

86 517 196 569 quia,
238 528 333 557 cum
372 516 417 556 tu
450 529 516 557 me
558 528 746 569 premere
784 516 1028 568 temptares,
1077 514 1180 556 deus
1222 527 1341 556 meus
1379 516 1489 569 quod
1530 517 1589 558 sic

85 585 303 638 potuisset,
336 585 415 627 nisi
436 586 478 626 te
501 585 795 634 conuertisses,
829 583 1069 637 extinguere
1102 583 1309 637 quomodo
1331 584 1590 627 Pharaonem

49 661 67 686 ⁵
87 654 127 696 et
157 666 224 695 me
257 654 368 707 quod
400 654 458 695 sic
490 653 640 695 fuisset
680 653 897 706 erepturus
937 652 987 693 de
1026 652 1217 694 manibus
1255 653 1340 694 tuis
1382 653 1589 706 quomodo

86 723 128 764 et
157 723 251 764 illos
278 723 328 764 de
360 722 587 764 Pharaonis
618 721 856 775 potestate?
906 720 1063 762 idcirco
1096 721 1249 762 etenim
1282 720 1385 763 dicit
1417 722 1469 764 ad
1501 723 1588 764 sin-

84 792 207 846 gulas
239 792 437 833 uirtutes:
483 791 687 844 quoniam
728 791 777 831 in
813 789 1027 832 saeculum
1065 790 1360 833 misericordia
1398 791 1501 841 eius,
1541 792 1589 832 ut

85 861 186 903 mihi
221 861 413 914 aperiret,
447 860 641 914 quoniam
675 859 830 900 domini
852 858 1142 900 misericordia
1161 871 1327 901 mecum
1350 860 1404 902 sit
1426 873 1591 914 semper

85 943 347 985 permanens,
381 929 452 983 qui
485 929 522 971 ei
551 929 716 970 tantum
749 928 827 970 sim
860 928 1059 978 seruiens,
1091 928 1233 969 tecum
1263 941 1363 970 uero
1396 941 1487 970 esse
1509 942 1589 971 non

35 1002 68 1027 ¹⁰
85 1011 220 1053 posse,
245 999 343 1052 quia
366 998 566 1040 uidelicet
585 997 780 1039 inimicus
800 997 914 1038 illius
937 997 1007 1047 sis,
1032 997 1239 1051 quomodo
1254 996 1332 1039 fuit
1354 999 1396 1039 et
1412 998 1587 1040 Pharao.

141 1067 313 1110 XXXV.
335 1067 554 1109 Noluimus
578 1067 775 1108 damnare
799 1066 1028 1115 absentem,
1052 1066 1261 1107 noluimus
1281 1066 1322 1107 in
1346 1079 1441 1108 eum
1464 1079 1589 1120 quem

87 1137 244 1179 scimus
275 1137 540 1178 innocentem
574 1136 615 1177 et
644 1135 685 1176 in
719 1148 814 1177 eum
847 1147 970 1188 quem
1001 1135 1194 1176 nouimus
1225 1134 1458 1177 catholicae
1489 1135 1589 1177 fidei

85 1205 419 1259 praedicatorem
452 1204 551 1245 dare
573 1204 690 1245 iuxta
716 1203 970 1245 desiderium
990 1203 1110 1244 tuum
1133 1203 1397 1245 sententiam.
1432 1207 1589 1257 quare?

87 1274 184 1327 quia
215 1286 288 1315 nos
321 1273 545 1315 Christiani
584 1273 624 1314 in
658 1273 782 1314 deum
824 1272 1081 1325 porreximus
1122 1285 1238 1326 spem
1278 1273 1476 1323 nostram,
1508 1286 1587 1315 non

35 1343 68 1369 ¹⁶
86 1340 127 1382 in
157 1342 199 1381 te
234 1353 280 1382 ac
312 1352 487 1394 regnum
524 1341 645 1381 tuum
677 1339 897 1380 caducum.
959 1339 1167 1381 noluimus
1208 1339 1258 1382 de
1299 1341 1434 1394 gloria
1471 1341 1588 1395 regni

85 1409 148 1450 tui
179 1409 297 1451 nobis
328 1409 508 1462 placere,
542 1409 612 1463 qui
643 1409 819 1463 gloriam
851 1409 1049 1462 consequi
1080 1421 1224 1450 sumus
1248 1411 1515 1463 expectantes
1537 1411 1588 1452 ab

88 1491 149 1528 eo,
182 1478 223 1519 in
256 1491 380 1532 quem
412 1479 547 1520 solum
579 1478 873 1520 confidendum
895 1491 987 1520 esse
1012 1479 1137 1532 atque
1160 1479 1411 1532 sperandum
1435 1479 1588 1521 docens

88 1547 190 1589 dicit
218 1547 356 1589 Dauid
387 1548 427 1588 in
459 1547 620 1601 psalmo
653 1546 821 1589 CXLV:
853 1547 982 1588 nolite
1012 1547 1215 1601 confidere
1243 1549 1291 1590 iri
1319 1548 1588 1602 principibus

83 1619 121 1658 et
150 1617 198 1658 iu
226 1617 332 1670 filiis
362 1615 593 1666 homiuum,
625 1615 774 1668 quibus
795 1628 879 1657 nort
898 1619 955 1657 est
976 1615 1105 1658 salus,
1138 1617 1270 1658 exibit
1298 1617 1477 1670 spiritus
1498 1617 1589 1659 eius

32 1692 68 1718 ³⁰
85 1688 121 1727 et
152 1688 384 1727 reuertetur
426 1686 474 1726 iu
504 1688 663 1727 terram
702 1698 836 1726 suam.
899 1685 948 1726 in
986 1685 1068 1727 illa
1108 1686 1176 1727 die
1210 1685 1409 1738 peribunt
1448 1699 1589 1728 omnes

86 1755 352 1808 coyitatioues
381 1768 535 1797 eorum.
595 1754 739 1796 beatus
770 1754 892 1796 cuius
922 1755 1024 1796 deus
1054 1753 1181 1797 Iacob
1211 1754 1384 1797 adiutor
1413 1756 1517 1808 eius,
1550 1758 1587 1797 et

87 1836 179 1876 spes
210 1823 300 1864 eius
330 1823 379 1864 in
409 1823 579 1864 domiuo
608 1823 680 1864 deo
710 1823 848 1876 ipsius
887 1823 961 1876 qui
998 1823 1096 1876 feeit
1135 1823 1297 1865 caelum
1336 1826 1375 1864 et
1412 1827 1585 1876 terram,

86 1906 200 1934 mare
221 1895 260 1933 et
278 1892 423 1933 omnia
444 1905 550 1944 quae
571 1892 619 1933 iri
640 1893 710 1934 eis.
744 1893 818 1945 qui
839 1892 1021 1935 custodit
1049 1893 1271 1934 ueritatem
1303 1892 1350 1933 iu
1371 1893 1587 1935 saeculum

85 1960 193 2013 facit
222 1961 433 2002 iudicium
462 1961 675 2002 iniuriam
699 1960 979 2014 patientibus.
1022 1960 1231 2002 noluimus
1262 1960 1415 2001 iniuste
1446 1962 1586 2002 tecum

33 2029 279 2082 ”persequi
311 2029 495 2070 iustitiae
527 2029 695 2082 plenum
726 2029 943 2077 fructibus,
977 2042 1027 2070 ne
1068 2029 1167 2070 dum
1201 2028 1251 2070 de
1283 2030 1325 2070 te
1356 2028 1587 2070 uindictam

89 2098 296 2151 coepisset
317 2098 529 2151 consequi,
552 2098 701 2139 fuisset
720 2099 970 2139 consecutus
993 2097 1120 2138 etiam
1143 2097 1194 2138 de
1216 2097 1354 2145 nobis;
1377 2110 1456 2139 non
1479 2097 1585 2139 feci-

87 2179 180 2208 mus
211 2166 322 2220 quod
352 2166 504 2208 iniuste
527 2167 776 2220 praecepisti
798 2179 871 2208 nos
891 2166 1079 2219 implere,
1113 2179 1163 2207 ne
1184 2167 1326 2207 tecum
1349 2167 1586 2208 ueniremus

89 2235 139 2276 ad
171 2235 288 2276 illum
320 2235 472 2284 locum,
506 2235 576 2288 qui
607 2236 648 2276 in
680 2235 980 2277 Ecclesiastico
1015 2234 1289 2277 describitur:
1321 2239 1357 2277 et
1387 2235 1488 2277 deus
1518 2250 1586 2277 re-

85 2305 222 2356 quiret
263 2318 357 2345 eum
393 2305 467 2357 qui
489 2305 820 2357 persecutionem
852 2304 1047 2357 patitur,
1096 2303 1138 2344 et
1177 2303 1335 2344 adhuc:
1373 2305 1469 2346 uidi
1510 2304 1585 2346 sub

31 2374 68 2400 ⁸⁰
86 2372 170 2415 sole
207 2372 344 2414 locum
380 2373 545 2423 iudicii,
585 2373 678 2415 illic
717 2373 890 2426 impius,
930 2375 969 2414 et
1009 2373 1142 2414 locum
1178 2373 1296 2423 iusti,
1342 2372 1434 2414 illic
1466 2373 1582 2424 pius.

87 2440 293 2482 noluimus
339 2441 457 2482 uobis
502 2441 696 2494 coniungi
746 2441 992 2490 haereticis,
1041 2440 1249 2482 noluimus
1295 2441 1435 2481 tecum
1484 2441 1582 2482 dare

221 2565 262 2599 18
288 2565 344 2599 Ps.
372 2565 447 2608 145,
472 2564 560 2600 3-6
654 2567 698 2600 28
724 2565 827 2602 Eccli.
854 2566 886 2605 3,
915 2566 956 2600 15
1050 2566 1093 2600 29
1119 2565 1166 2601 ib.
1191 2567 1223 2605 3,
1253 2566 1293 2600 16

401 2652 405 2660 .
1233 2650 1243 2661 ς

155 2667 169 2700 1
198 2646 290 2702 mare
316 2651 454 2702 rubrum
481 2669 526 2712 (¹⁰
551 2682 592 2704 m.
619 2674 704 2713 rec.)
845 2670 866 2703 3
891 2680 1066 2714 praemere
1206 2670 1235 2702 si
1269 2674 1290 2711 (⁰
1322 2680 1366 2703 m.
1399 2670 1483 2711 rec.)

86 2723 128 2757 16
153 2715 316 2769 conseq'ui
348 2726 385 2765 V,
407 2715 656 2770 'consequuturi
684 2739 700 2761 υ
810 2727 850 2760 18
876 2727 1041 2761 confitere
1152 2726 1195 2759 20
1219 2728 1313 2759 terra
1338 2730 1400 2759 sua
1426 2725 1464 2768 Γ
1493 2725 1513 2734 ”
1542 2738 1586 2760 m.

85 2782 168 2822 rec.)
286 2781 330 2815 23
356 2792 381 2815 e«
400 2783 439 2815 «is
561 2782 605 2815 24
631 2781 848 2826 pacientibus
969 2782 1013 2815 25
1039 2781 1230 2816 uindictam
1255 2783 1402 2827 scripsi,
1429 2782 1585 2817 uindicta

92 2848 140 2882 Vc
233 2848 276 2882 26
302 2830 504 2884 consecutfis
531 2854 558 2893 (¹¹
585 2862 627 2884 m.
653 2853 738 2893 rec.)
773 2850 810 2889 V,
837 2852 1023 2884 consecuta
1051 2862 1068 2884 v
