1934 3278
740 272 986 319 Epistulae.
1548 278 1626 322 331

174 399 293 442 Vnde
332 400 483 442 iterum
525 400 648 453 atque
683 400 835 442 iterum
873 400 1236 443 mansuetudinem
1274 402 1406 453 tuam,
1447 402 1629 445 animum

116 471 235 511 tuum
277 468 354 511 deo
387 468 576 511 deditum
606 481 707 524 rogo
737 481 812 523 per
851 469 941 511 eius
972 469 1183 520 uirtutem,
1226 470 1296 524 qui
1328 483 1372 512 se
1403 471 1444 512 in
1484 471 1630 513 defen-

118 540 233 582 sione
262 539 338 579 tua
368 538 548 592 quantus
579 538 634 579 sit
662 537 870 579 uniuersis
900 536 1148 579 mortalibus
1179 537 1440 592 adprobauit‚
1473 539 1632 582 habens

119 609 214 650 ante
256 607 400 650 oculos
440 606 530 648 eius
567 606 785 656 beneficia,
826 605 896 659 qui
936 605 1156 658 imperium
1193 607 1314 648 tuum
1358 606 1399 648 in
1441 607 1631 650 omnibus

84 676 246 731 ⁵regit‚
285 675 388 717 haec
420 675 462 717 in
494 677 617 717 coetu
649 676 937 729 episcoporum
981 675 1204 729 diligenter
1233 675 1361 718 facito
1393 677 1503 719 omni
1535 690 1630 719 cum

119 744 454 787 consideratione
485 744 672 794 tractari,
707 745 754 785 ut
783 744 946 798 pacatis
977 756 1050 797 per
1079 745 1123 785 te
1156 744 1233 786 deo
1265 744 1433 787 fauente
1467 746 1632 799 tempo-

118 814 232 856 ribus
252 812 556 866 tranquillitate
577 812 651 854 tua
681 812 965 854 consentiente
998 812 1057 854 sic
1090 812 1228 854 omnia
1260 812 1551 864 discutiantur,
1583 814 1632 856 ut

120 895 227 936 quae
257 881 411 923 fuerint
440 881 595 922 iudicio
628 881 894 923 sacerdotum
936 881 1001 923 dei
1042 881 1300 933 confirmata,
1341 895 1437 925 cum
1468 883 1629 924 consti-

118 951 218 992 terit
249 963 391 992 omnes
421 949 462 991 in
495 949 748 1004 expositione
788 949 900 1000 fidei,
943 962 1049 1003 quae
1088 950 1197 991 inter
1234 950 1374 992 tantos
1413 951 1630 1005 episcopos

70 1029 102 1054 10
122 1019 232 1073 apud
270 1019 434 1060 Niciam
474 1015 693 1072 praesente
733 1018 903 1060 sanctae
942 1018 1169 1060 memoriae
1205 1018 1324 1071 patre
1362 1019 1435 1060 tuo
1475 1018 1630 1061 confir-

120 1089 235 1131 mata
267 1088 342 1137 est,
374 1078 593 1129 uniuersos
625 1087 900 1136 consensisse,
934 1099 1029 1127 cum
1062 1086 1249 1140 exemplo
1281 1087 1442 1140 possint
1464 1087 1506 1129 in
1530 1100 1630 1141 pos-

119 1158 257 1199 terum
295 1155 510 1205 custodiri,
557 1156 604 1197 ut
640 1156 729 1209 ipse
769 1155 956 1197 saluator
1002 1155 1072 1209 qui
1115 1154 1293 1209 desuper
1338 1156 1490 1198 mentis
1530 1156 1631 1197 tuae

120 1225 376 1280 propositum
397 1225 584 1267 intuetur
608 1225 649 1266 in
670 1225 789 1267 tanta
809 1237 948 1267 rerum
972 1224 1232 1278 expeditione
1253 1224 1434 1266 laetetur
1457 1237 1629 1267 causam

121 1294 220 1335 fidei
238 1295 280 1335 et
293 1292 409 1347 pacis
427 1293 553 1335 etiam
570 1293 826 1347 reipublicae
844 1293 1166 1335 necessitatibus
1188 1305 1267 1334 non
1290 1292 1482 1335 inmerito
1505 1305 1629 1347 prae-

70 1376 101 1400 15
119 1363 321 1417 posuisse.
346 1361 400 1403 ad
422 1361 674 1404 exorandam
693 1362 821 1416 igitur
837 1361 1201 1404 mansuetudinem
1217 1362 1347 1411 tuam,
1370 1362 1417 1403 ut
1436 1361 1631 1403 beniuolo

122 1431 258 1473 animo
291 1430 564 1484 allegationes
595 1431 758 1473 nostras
797 1430 941 1472 audire
974 1430 1170 1485 digneris,
1212 1429 1382 1471 Fratrem
1415 1429 1457 1471 et
1487 1429 1630 1483 coepi-

121 1513 293 1555 scopum
323 1512 465 1542 meum
497 1500 688 1541 sanctum
719 1499 855 1541 uirum
885 1498 1124 1540 Luciferum
1157 1511 1253 1540 cum
1276 1497 1497 1540 Pancratio
1529 1510 1631 1540 con-

120 1570 360 1625 presbytero
402 1581 496 1610 meo
538 1569 579 1610 et
626 1568 787 1610 Hilario
835 1567 1009 1610 diacono
1055 1567 1213 1622 placuit
1258 1566 1480 1621 proficisci,
1527 1579 1631 1620 quos

122 1637 333 1680 credimus
359 1636 410 1679 de
432 1636 658 1678 clementia
685 1637 760 1678 tua
782 1636 833 1678 ad
866 1648 1012 1689 pacem
1035 1636 1219 1678 omnium
1250 1635 1525 1677 ecclesiarum
1556 1647 1631 1677 ca-

71 1707 370 1750 zotholicarum
418 1718 497 1748 non
551 1705 775 1747 difficulter
825 1717 946 1759 posse
998 1704 1222 1747 concilium
1272 1704 1508 1758 impetrare.
1563 1703 1631 1745 dei

122 1775 415 1829 omnipotentis
458 1774 684 1816 clementia
719 1774 762 1816 te
801 1773 919 1816 nobis
951 1772 1175 1823 custodiat,
1217 1772 1542 1815 clementissime
1583 1784 1630 1814 ac

121 1843 435 1899 religiosissime
467 1842 669 1897 Auguste.

194 2036 210 2070 1
231 2036 521 2070 mansuaetum*
542 2035 548 2081 Ι
569 2036 667 2068 tuum
753 2036 857 2079 atque
872 2034 1023 2068 animum
1039 2033 1163 2069 Coust.
1241 2043 1402 2077 rogamus
1417 2032 1540 2067 Coust.

123 2093 145 2127 2
169 2094 299 2128 uirtute
314 2119 321 2126 .
346 2122 352 2129 .
384 2118 391 2125 .
417 2122 424 2128 .
446 2094 451 2136 Ι
473 2093 620 2127 litterae
644 2103 737 2136 quas
765 2091 886 2126 Titius
918 2091 1019 2125 uidit
1049 2091 1091 2125 in
1115 2091 1187 2133 tine
1216 2094 1239 2125 6
1263 2090 1450 2125 linearum
1477 2100 1630 2135 papyro

125 2154 316 2196 coopertae
332 2150 440 2185 hodie
453 2150 523 2196 leyi
535 2153 722 2194 nequeumt
814 2149 835 2182 3
849 2149 896 2183 sis
989 2148 1117 2192 adpro.
1146 2176 1153 2183 .
1179 2175 1186 2183 .
1212 2175 1220 2183 .
1247 2176 1254 2182 .
1275 2173 1282 2180 .
1300 2176 1307 2182 .
1329 2147 1335 2193 Ι
1355 2147 1489 2182 habens
1508 2148 1542 2182 V

125 2211 164 2243 ut
188 2207 322 2242 habens
340 2206 484 2250 Coust.,·
509 2210 549 2241 ut
571 2218 638 2242 om.
664 2207 777 2241 etiam
801 2217 822 2240 v
913 2206 935 2239 4
959 2207 1058 2240 tuum
1073 2231 1349 2240 .........
1372 2205 1376 2247 Ι
1497 2205 1517 2238 5
1542 2203 1630 2239 facit

128 2293 406 2302 .........
428 2264 434 2311 Ι
455 2263 668 2299 sideratione
760 2263 868 2298 facito
893 2263 986 2298 coni.
1003 2262 1101 2305 Lat„
1126 2261 1236 2296 facias
1256 2261 1378 2296 Coust.
1395 2260 1494 2304 (facit
1512 2262 1626 2295 etiam

126 2326 162 2368 v)
257 2324 278 2357 6
303 2322 449 2357 tractari
476 2321 610 2364 Coust„
634 2321 759 2355 testari
790 2322 841 2355 Vv
933 2319 1039 2354 fauen
1054 2344 1231 2355 ......
1253 2318 1537 2365 {tranquillitate

127 2381 147 2415 7
173 2380 245 2415 disc
261 2406 542 2415 .........
565 2379 570 2424 Ι
591 2380 629 2412 ut
733 2378 755 2412 8
779 2377 903 2411 iuditio
997 2376 1197 2411 constiterit
1222 2376 1357 2420 Con-st„
1383 2374 1632 2410 constituerint

133 2439 183 2474 Vv
298 2438 319 2472 9
344 2437 596 2482 expositionem
622 2436 744 2470 Coust.
875 2434 917 2468 10
943 2436 1027 2478 aput
1143 2435 1289 2478 psentae
1418 2433 1457 2466 ll
1485 2432 1630 2476 possent

128 2495 171 2531 12
196 2494 369 2530 cusdodiri
465 2494 506 2528 13
523 2494 674 2528 laetetur
696 2495 732 2526 te
750 2496 935 2536 eaespectes
1029 2492 1070 2525 17
1095 2491 1276 2535 prancatio
1370 2488 1629 2533 conpresbitero

134 2566 172 2609 V,
203 2564 405 2609 presbyt-ero
438 2564 561 2598 Coust.
654 2563 698 2596 20
724 2562 905 2596 consilium
998 2561 1042 2595 22
1068 2562 1224 2604 auguste.
1250 2550 1392 2594 13191115.
