1934 3278
1592 271 1633 300 x1

120 379 209 422 tio.
257 378 413 420 Eadem
455 379 564 420 certe
607 379 650 420 in
692 378 826 422 codice
857 378 1222 422 Cheltenhamensi
1265 381 1498 433 inuenitur,
1540 395 1634 425 cum

121 448 237 490 codd.
271 447 359 493 BA
391 447 522 489 solam
554 448 773 489 lectionem
806 449 1097 490 monstriuora
1129 449 1326 491 habeant.

177 516 244 558 Ad
276 516 376 558 haec
408 517 486 557 duo
519 517 709 569 exempla
740 517 848 559 inter
878 530 921 559 se
958 517 1114 559 similia
1150 519 1324 560 tertium
1361 519 1535 562 accedit.
1588 519 1636 561 In

120 587 296 628 alterum
320 584 504 626 eiusdem
525 584 745 627 acrostichi
770 597 938 627 uersum
959 586 1172 639 Rigaltius
1197 587 1384 642 adnotat,
1408 600 1482 641 pro
1506 587 1636 629 Nunc

120 667 215 710 erqo
237 657 358 704 retro,
392 654 500 707 quod
521 655 609 707 ipse
630 654 673 696 in
695 655 856 696 textum
880 656 1049 709 recepit,
1075 654 1118 696 ‘a
1144 655 1464 710 quibusdam’
1491 656 1637 698 confici

119 724 370 776 scripturam
409 721 560 764 ‘Nunc
591 735 685 776 erqo
716 721 886 764 reticeo?
940 722 1069 777 Atqui
1110 724 1216 766 hanc
1254 724 1473 767 lectionem
1505 725 1637 766 altera

120 804 270 834 manus
303 791 455 834 codicis
487 790 873 834 Cheltenhamensis
905 793 1101 846 praebet,
1149 805 1252 846 quae
1294 794 1452 847 primae
1491 806 1638 835 manus

120 861 369 915 scripturam
399 860 536 901 retiuo
567 861 627 902 ita
657 861 832 902 correxit
863 862 911 902 ut
942 861 999 903 sit
1030 861 1190 909 reticeo,
1224 874 1318 904 cum
1342 863 1383 904 in
1407 863 1525 905 codd.
1548 862 1638 908 BA

121 944 204 972 una
225 930 450 983 eademque
474 929 599 972 lectio
630 931 767 971 νειὶἶιο
798 929 1048 978 inueniatur,
1082 931 1191 972 unde
1213 931 1316 972 satis
1339 935 1511 985 apparet
1533 931 1639 973 illud

120 996 160 1041 ‘a
191 999 312 1052 quib
328 998 516 1040 usdam'
549 1010 630 1039 non
663 997 715 1040 ad
747 998 892 1039 horum
926 998 1115 1040 codicum
1146 1000 1324 1042 alterum
1362 1002 1526 1049 utrum,
1570 1000 1639 1042 sed

121 1069 171 1109 ad
205 1068 335 1109 alium
366 1067 547 1120 aliquem
581 1067 737 1108 fontem
770 1067 989 1120 pertinere.

181 1138 261 1179 Ter
292 1137 422 1190 igitur
454 1136 496 1177 in
520 1148 599 1177 uno
621 1136 846 1190 eodemque
869 1138 1051 1178 carmine
1074 1137 1296 1190 perexiguo
1319 1137 1497 1191 uestigia
1520 1137 1638 1179 nobis

122 1207 358 1256 occurrunt,
392 1204 543 1259 quibus
567 1217 786 1247 monemur
809 1205 1006 1259 RigaltiO,
1040 1217 1135 1247 cum
1167 1206 1460 1248 instructiones
1483 1207 1640 1257 ederet,

122 1275 174 1317 ad
207 1275 364 1316 fontem
397 1273 601 1327 quendam
633 1275 818 1327 patuisse
852 1274 1027 1326 aditum,
1060 1273 1131 1327 qui
1164 1285 1243 1315 non
1278 1274 1359 1316 fuit
1390 1274 1432 1320 B
1467 1274 1551 1325 (uel
1574 1274 1635 1325 A)

123 1346 164 1386 et
195 1343 346 1385 similis
378 1343 460 1385 suit
492 1343 623 1385 codici
657 1343 1040 1385 Cheltenhameusi.

179 1412 304 1454 Hunc
347 1414 487 1454 autem
529 1412 687 1454 fontem
729 1424 852 1466 quem
883 1412 1012 1453 alium
1045 1412 1176 1454 fuisse
1208 1412 1393 1454 dicamus
1426 1412 1506 1453 nisi
1539 1424 1640 1465 apo-

122 1481 326 1536 graphum
359 1480 727 1523 Sirmondianum‘?
776 1481 866 1523 Hoc
898 1481 1129 1536 Rigaltius,
1172 1493 1427 1535 quamquam
1459 1481 1640 1534 plerum-

123 1562 200 1604 que
232 1549 422 1591 Parisino
461 1552 599 1591 nostro
635 1550 713 1604 (B)
756 1551 974 1601 utebatur,
1022 1549 1234 1591 interdum
1276 1551 1438 1599 tamen,
1486 1548 1559 1591 ubi
1601 1550 1643 1590 iu

123 1618 224 1661 locis
247 1618 558 1661 difficilioribus
582 1618 794 1669 haerebat,
828 1619 995 1660 uidetur
1018 1618 1271 1660 consuluisse
1293 1617 1436 1672 ibique
1459 1619 1502 1660 iu
1524 1620 1642 1660 textu

123 1688 196 1728 aut
236 1687 344 1728 inter
376 1688 506 1730 lineas
538 1691 610 1730 aut
642 1689 679 1729 in
714 1687 900 1741 margine
923 1686 975 1742 19)
1010 1688 1209 1729 lectiones
1250 1688 1495 1740 repperisse,
1539 1698 1642 1740 quae

124 1756 167 1797 in
209 1757 296 1798 cod.
339 1758 379 1803 B
422 1759 608 1801 deerant.
662 1757 784 1799 Hunc
828 1756 940 1798 enim
982 1758 1165 1799 codicem
1209 1756 1338 1799 fontis
1381 1756 1642 1809 antiquioris,

124 1826 374 1879 quicumque
417 1826 519 1878 fuit,
567 1839 647 1868 non
689 1826 880 1867 accurate
922 1826 1252 1879 repraesentasse
1295 1826 1518 1879 imaginem
1562 1825 1644 1866 iam

125 1893 226 1936 inde
257 1896 530 1949 perspicitur,
564 1895 674 1948 quod
706 1895 747 1936 in
780 1895 868 1948 ipso
901 1894 1039 1936 codice
1070 1895 1112 1940 B
1144 1895 1186 1936 et
1215 1896 1354 1936 totum
1384 1893 1646 1936 acrostichon

125 1962 144 2004 Ι
167 1963 230 2016 18,
247 1966 295 2004 ut
312 1976 434 2017 supra
453 1963 665 2018 (p.VIIII)
686 1961 1078 2014 demonstrauimus,
1098 1963 1140 2004 et
1159 1962 1468 2016 capitulationis
1487 1973 1578 2015 pars
1591 1960 1642 2013 2⁰)

125 2033 274 2074 omissa
296 2034 426 2074 erant.
469 2033 585 2085 Quae
608 2045 670 2074 res
692 2033 728 2074 si
750 2032 811 2073 ita
833 2044 876 2073 se
902 2032 1061 2082 habuit,
1094 2043 1174 2073 non
1197 2033 1279 2073 iam
1302 2032 1362 2073 est
1386 2030 1493 2084 quod
1518 2029 1643 2072 mire-

126 2113 219 2141 mur
250 2103 338 2142 tam
372 2101 527 2143 multas
558 2101 771 2154 lectiones,
805 2113 908 2154 quae
937 2102 1087 2143 desunt
1118 2099 1162 2141 in
1193 2099 1308 2142 codd.
1331 2098 1435 2151 BA,
1468 2098 1639 2140 editioni

126 2169 304 2222 principi
345 2182 438 2211 cum
482 2171 620 2212 codice
654 2168 1021 2212 Cheltenhamensi
1054 2180 1294 2210 communes
1326 2166 1503 2222 essem).
1557 2167 1644 2208 Has

127 2327 267 2362 terdum
299 2329 407 2363 fuisse
445 2329 671 2373 conspicuam
703 2328 785 2362 inde
817 2330 981 2372 apparet,
1020 2326 1113 2371 quod
1147 2327 1330 2371 Rigaltius
1363 2327 1399 2360 in
1433 2337 1576 2360 uersum
1605 2325 1646 2359 15

127 2386 313 2420 acrostichi
340 2387 384 2421 53
418 2386 469 2430 (ΙΙ
497 2387 549 2430 12)
584 2386 667 2421 hacc
700 2385 866 2420 adnotat:
907 2380 960 2418 ‘ln
998 2384 1256 2428 apographo
1293 2384 1466 2428 scriptum
1510 2383 1647 2417 suerat:

127 2441 185 2477 Tu
217 2443 282 2477 tibi
312 2447 502 2487 praeterea
536 2444 577 2478 in
608 2443 750 2478 delictis
770 2452 922 2486 parcere
948 2442 1034 2476 noli.
1083 2441 1182 2484 Quae
1208 2441 1384 2485 scriptura
1408 2440 1492 2474 ferri
1519 2441 1555 2474 ct
1580 2451 1636 2474 ex·

128 2502 251 2546 plicari
278 2504 410 2546 posset,
451 2502 540 2536 nisi
574 2512 650 2536 nos
681 2500 945 2535 admoneret
971 2501 1026 2540 is,
1064 2499 1140 2542 qui
1171 2498 1479 2543 apographum
1506 2507 1645 2537 recen,

128 2561 239 2602 suit,
279 2563 483 2594 ueterem
523 2569 696 2593 inanum
735 2558 877 2591 fuisse
915 2557 962 2590 in
998 2555 1197 2590 Belian:
1224 2576 1264 2580 -
1291 2555 1365 2590 Hoc
1404 2556 1520 2599 igitur
1557 2556 1649 2589 certe

129 2619 200 2654 loeo
226 2619 340 2664 prima
366 2628 472 2653 manu
505 2618 546 2651 in
578 2616 736 2656 delicti&
776 2615 889 2649 altera
922 2615 962 2648 in
990 2614 1129 2648 Belian
1163 2614 1334 2658 scriptum
1362 2613 1452 2655 fuit3
1491 2615 1528 2647 at
1554 2613 1650 2653 in,B

860 2674 889 2696 ιἰι
912 2670 1010 2696 dclinn

130 2712 283 2755 itemque
316 2710 353 2744 in
379 2711 417 2746 A
448 2709 533 2743 haec
567 2708 822 2743 inueniuntur:
857 2706 897 2740 in
923 2705 1031 2740 dictis
1063 2715 1173 2749 eaque
1207 2704 1328 2738 omnia
1359 2715 1428 2738 una
1460 2704 1650 2748 eademque

134 2779 240 2803 manu
266 2771 420 2802 exarata.

186 2825 225 2868 ²⁰)
252 2824 582 2869 Sitzungsberichte
607 2823 708 2858 CVII
735 2833 766 2867 p.
795 2822 871 2858 ῖ19-

190 2883 230 2922 ²¹)
258 2881 352 2916 Ibid.
379 2893 410 2926 p.
438 2882 503 2916 738
529 2891 580 2924 sq.
