1934 3278
1489 302 1620 333 xxvn

124 430 278 470 yenera
324 419 621 459 tormentorum
657 414 879 468 inferendo
918 414 1028 456 desis
1067 427 1199 467 neque
1236 415 1360 456 uarie
1391 415 1626 467 pwniendo

128 486 246 539 (dum
274 485 345 538 V).
401 485 495 536 153,
534 484 562 526 5
601 484 642 526 si
679 483 819 525 iratus
858 483 976 535 fuero
1005 483 1096 524 sine
1124 495 1256 524 causa
1289 482 1424 535 fratri
1454 497 1555 538 meo,
1587 485 1625 525 si

125 555 270 596 dixero
307 567 416 596 eum
457 553 513 609 (ei
542 565 597 594 m.
629 552 732 605 rec.)
779 551 949 604 fatuum
996 550 1134 606 (fatuo
1165 550 1217 604 V,
1266 550 1384 604 fatue
1414 563 1470 592 m.
1502 553 1622 604 rec.).

126 622 222 672 224,
257 621 311 664 10
341 622 453 664 idolo
485 623 600 676 (-um
631 619 701 673 V).
753 619 978 661 incertiora
1018 618 1114 660 sunt
1154 630 1261 672 quae
1298 619 1459 661 tentaui
1498 620 1567 670 22,
1599 621 1625 662 8

130 691 318 745 (uerbum
347 691 433 744 dei)
466 693 636 732 (neutum
665 689 781 730 omm'
808 688 953 743 gladio
983 688 1301 730 acutissimum
1324 690 1432 742 (-mo
1452 687 1522 740 V),
1555 688 1627 731 ubi

131 759 371 801 insolentior
410 758 618 801 ablatiuus
657 758 968 811 comparatiuus
1016 760 1087 813 (=
1118 758 1254 812 magis
1294 758 1463 800 acutum
1502 771 1626 811 quam

130 827 298 880 gladius
331 827 616 879 acutissimus)
648 827 780 868 latere
812 826 961 880 potest,
1014 827 1082 877 37,
1119 827 1174 869 29
1214 840 1465 881 reynumque
1504 839 1628 868 suum

133 899 354 950 (reynoquc
373 909 447 938 suo
470 896 522 950 V)
550 897 746 949 potitum,
781 897 874 946 128,
909 896 962 937 10
992 896 1144 938 dedisti
1178 895 1453 949 disciplinam
1493 909 1627 938 exem-

123 964 198 1016 plo
231 966 346 1018 (-um
377 964 432 1016 V)
465 965 721 1013 damnandi,
752 964 823 1006 ubi
857 964 1117 1019 asyndetum,
1159 963 1268 1017 quod
1302 964 1415 1004 amat
1446 963 1626 1014 Lucifer,

134 1044 253 1073 suum
284 1032 422 1074 locum
457 1032 653 1074 defendit.

187 1112 461 1165 Frequentius
510 1111 637 1153 etiam
683 1111 853 1154 uocales
884 1126 904 1153 e
935 1112 951 1153 i
983 1112 1025 1153 et
1054 1111 1368 1154 terminationes
1407 1126 1512 1166 quae
1553 1114 1630 1155 has

131 1180 285 1222 habent
316 1180 485 1222 uocales
516 1180 889 1230 confundebantur,
927 1181 975 1221 ut
1004 1193 1082 1222 non
1117 1180 1363 1223 audaciores
1395 1182 1629 1233 uideamur,

131 1250 164 1290 si
197 1249 362 1303 saepius
401 1250 547 1291 contra
585 1249 879 1291 auctoritatem
911 1249 1070 1291 codicis
1101 1249 1336 1300 fecerimus,
1377 1263 1630 1304 quamquam

130 1317 297 1360 liberior
327 1318 450 1360 huius
482 1318 695 1372 scriptoris
721 1319 762 1360 et
791 1318 1026 1372 temporum
1050 1318 1091 1360 et
1121 1317 1339 1360 modorum
1361 1332 1462 1361 usus
1485 1332 1629 1361 emen-

133 1386 269 1428 dantis
300 1387 499 1429 fiduciam
531 1400 609 1429 non
640 1400 734 1429 raro
767 1387 970 1429 inminuit.
1020 1387 1093 1429 sed
1126 1387 1307 1430 scribere
1340 1388 1409 1429 uel
1440 1389 1629 1430 conicere

132 1469 210 1497 non
251 1456 460 1498 dubitaui:
509 1457 575 1506 75,
619 1457 669 1498 13
716 1460 761 1498 tu
807 1471 880 1499 nec
924 1457 1092 1510 quidem
1137 1457 1402 1499 audientiam
1447 1458 1632 1499 uolueris

127 1525 322 1577 praeberi
360 1526 454 1567 uiro
492 1525 566 1567 deo
607 1526 746 1567 dicato
777 1527 893 1579 eique
924 1527 1072 1580 neyari
1105 1529 1193 1580 (-re
1224 1525 1305 1578 Vv)
1337 1526 1474 1578 fecisti
1505 1527 1631 1567 audi-

130 1596 302 1636 entiam.
349 1607 444 1635 nam
476 1594 571 1636 berec
603 1595 644 1635 et
675 1595 786 1637 male
814 1596 950 1648 facero
981 1606 1075 1635 cum
1106 1594 1311 1636 infinitiuo
1339 1595 1407 1636 uel
1428 1594 1630 1648 gerundio

130 1662 395 1704 construitur.
429 1663 601 1716 simplex
634 1664 809 1704 uerbum
842 1676 919 1704 non
951 1663 1064 1705 item.
1107 1664 1223 1705 recte
1256 1664 1401 1705 contra
1427 1663 1467 1704 in
1489 1662 1630 1703 infini-

130 1731 229 1772 tiuis
283 1732 535 1773 coordinatis
586 1733 797 1785 passiuam
860 1733 1032 1774 sormam
1087 1732 1225 1773 actiua
1286 1732 1438 1785 excipit
1497 1744 1632 1785 neque

132 1813 202 1842 cas
235 1814 462 1854 aequemus
495 1814 666 1843 neccsse
700 1803 763 1843 est
798 1802 890 1851 118,
924 1802 978 1843 26
1009 1803 1047 1843 si
1069 1802 1181 1843 enim
1203 1803 1365 1843 malum
1398 1814 1483 1843 esse
1515 1802 1632 1843 uide-

133 1872 201 1910 tur
242 1871 313 1911 deo
353 1871 603 1912 danmarz'
647 1871 918 1919 innocentem,
960 1871 1088 1912 dare
1119 1871 1325 1911 aduersus
1355 1870 1564 1911 absentem
1596 1873 1634 1911 et

130 1939 297 1992 quidem
338 1939 497 1981 iustum
538 1940 683 1981 uirum
722 1940 988 1989 sententiam,
1035 1939 1138 1992 quid
1178 1942 1235 1981 est
1265 1939 1389 1980 aliud
1420 1939 1527 1991 quod
1558 1952 1634 1979 nos

132 2008 242 2061 coyis
271 2007 407 2059 facere
438 2009 528 2049 nisi
558 2008 666 2061 quod
697 2009 791 2050 odio
823 2008 972 2049 habeat
1003 2009 1137 2049 (leus-1>
1188 2021 1282 2049 nam
1314 2008 1360 2048 ut
1392 2020 1515 2060 saepe
1548 2007 1630 2048 iam

132 2075 327 2125 uidimus,
375 2077 627 2130 ubicumque
659 2078 797 2130 potest
831 2077 997 2118 Lucifer
1021 2077 1246 2118 orationem
1282 2076 1444 2119 uariare
1477 2076 1632 2117 studet.

132 2169 186 2174 -—
223 2143 315 2193 109,
351 2145 373 2185 7
406 2145 598 2187 dubitari
632 2149 719 2200 (-rc
751 2145 803 2195 V)
841 2146 980 2197 itaque
1026 2159 1110 2186 non
1152 2146 1321 2197 poterit,
1369 2144 1440 2186 sed
1479 2144 1574 2193 229,
1611 2145 1630 2185 1

134 2226 218 2254 non
257 2214 419 2265 poteris
467 2215 642 2267 (poterit
672 2216 715 2265 v)
748 2214 960 2255 dubitare
999 2214 1082 2268 <-νι“
1114 2213 1167 2266 V)
1201 2213 1379 2267 reposui.
1428 2213 1525 2266 quia
1557 2213 1632 2254 hoc

134 2280 225 2322 loco
272 2281 402 2323 oratio
450 2282 584 2335 magis
632 2282 685 2324 ad
718 2282 1007 2324 Constantium
1055 2294 1257 2323 conuersa
1305 2283 1376 2323 cst.
1447 2282 1537 2324 113.
1583 2281 1635 2321 14

137 2349 463 2404 (Athanasium)
495 2351 742 2392 inauditum
773 2353 875 2404 quia
899 2352 1076 2404 puniri
1110 2354 1198 2404 (-rc
1232 2351 1286 2402 V)
1323 2365 1403 2391 non
1450 2350 1635 2391 uolueri-

133 2431 239 2459 mus.
287 2431 428 2460 eorum
463 2419 571 2460 enim
604 2432 682 2460 non
714 2419 914 2462 intererat
936 2420 981 2460 ut
1003 2419 1215 2472 puniretur
1243 2419 1312 2460 sed
1339 2419 1384 2459 ut
1407 2418 1634 2459 audiretur.

137 2486 231 2537 189,
264 2487 318 2529 22
349 2501 377 2528 a
406 2489 557 2541 quibus
597 2488 850 2530 criminibus
889 2490 926 2530 si
956 2492 992 2529 te
1022 2488 1207 2529 nolueris
1248 2488 1441 2528 liberare
1475 2487 1531 2540 (ri
1565 2486 1634 2537 V),

134 2557 309 2611 sanquis
339 2560 435 2599 tuus
466 2558 711 2610 requiratur
741 2572 769 2598 a
800 2561 848 2598 te.
889 2557 1105 2611 praecedit
1135 2558 1206 2598 sed
1236 2558 1321 2597 mm
1354 2557 1561 2597 eredimus
1581 2580 1636 2586 —

136 2624 338 2665 daturum
371 2628 408 2666 tc
429 2639 599 2678 operam
621 2639 699 2678 quo
726 2626 864 2677 possis
894 2639 1045 2666 curare
1075 2624 1269 2666 uulnera.
1318 2624 1410 2667 196.
1442 2626 1491 2665 21
1529 2623 1637 2676 quod

140 2691 363 2745 (officium)
397 2694 451 2734 sit
483 2693 659 2748 diymem
683 2694 905 2746 praeberi
933 2699 1020 2748 (-rc
1044 2694 1096 2745 V)
1130 2693 1214 2735 deo.
1259 2692 1406 2733 durum
1441 2694 1504 2732 ost
1536 2704 1635 2743 sup-

136 2760 250 2814 plere
282 2763 529 2815 episcopum.
581 2762 678 2812 201,
710 2763 736 2804 3
768 2777 843 2803 cm·
863 2763 988 2815 fuisti
1009 2775 1138 2802 ausus
1159 2761 1301 2802 tollere
1325 2764 1516 2814 pastores
1537 2772 1638 2811 quos

134 2830 250 2883 yreqi
291 2843 366 2872 suo
405 2830 504 2872 deus
545 2831 731 2872 uoluerit
758 2834 974 2883 praeesse?
1020 2832 1124 2872 cur?
1168 2830 1254 2871 nisi
1286 2834 1329 2870 ut
1361 2832 1487 2869 tecum
1521 2827 1637 2867 omni

137 2902 259 2940 uento
304 2899 520 2942 doctrinae
561 2902 725 2952 possent
771 2899 838 2940 dei
877 2899 1154 2950 circumferri
1190 2913 1278 2945 Q-re
1311 2898 1363 2947 V)
1397 2909 1529 2948 supra
1560 2894 1635 2934 ‹10-
