<?xml version="1.0" encoding="UTF-8"?>
<!DOCTYPE html PUBLIC "-//W3C//DTD XHTML 1.0 Transitional//EN"
    "http://www.w3.org/TR/xhtml1/DTD/xhtml1-transitional.dtd">
<html xmlns="http://www.w3.org/1999/xhtml" xml:lang="en" lang="en">
 <head>
  <title>
</title>
<meta http-equiv="Content-Type" content="text/html;charset=utf-8" />
  <meta name='ocr-system' content='tesseract 3.04.00' />
  <meta name='ocr-capabilities' content='ocr_page ocr_carea ocr_par ocr_line ocrx_word'/>
</head>
<body>
  <div class='ocr_page' id='page_1' title='image "./corpusscriptorum14luciuoft_0083.png"; bbox 0 0 1934 3278; ppageno 0'>
   <div class='ocr_carea' id='block_1_1' title="bbox 560 245 1671 298">
    <p class='ocr_par' dir='ltr' id='par_1_1' title="bbox 560 245 1671 298">
     <span class='ocr_line' id='line_1_1' title="bbox 560 245 1671 298; baseline -0.002 -9"><span class='ocrx_word' id='word_1_1' title='bbox 560 254 615 289; x_wconf 90' lang='lat' dir='ltr'><strong><em>De</em></strong></span> <span class='ocrx_word' id='word_1_2' title='bbox 640 264 711 288; x_wconf 90' lang='lat' dir='ltr'><strong><em>non</em></strong></span> <span class='ocrx_word' id='word_1_3' title='bbox 735 245 974 288; x_wconf 83' lang='lat' dir='ltr'><strong><em>conueniendo</em></strong></span> <span class='ocrx_word' id='word_1_4' title='bbox 999 263 1077 287; x_wconf 90' lang='lat' dir='ltr'><strong><em>cum</em></strong></span> <span class='ocrx_word' id='word_1_5' title='bbox 1101 252 1297 288; x_wconf 86' lang='lat' dir='ltr'><strong><em>haereticis.</em></strong></span> <span class='ocrx_word' id='word_1_6' title='bbox 1618 255 1671 298; x_wconf 82' lang='lat'><strong><em>31</em></strong></span> 
     </span>
    </p>
   </div>
   <div class='ocr_carea' id='block_1_2' title="bbox 118 378 1680 2630">
    <p class='ocr_par' dir='ltr' id='par_1_2' title="bbox 118 378 1680 2630">
     <span class='ocr_line' id='line_1_2' title="bbox 179 378 1680 433; baseline -0.001 -10"><span class='ocrx_word' id='word_1_7' title='bbox 179 394 271 424; x_wconf 89' lang='lat' dir='ltr'><strong><em>esse</em></strong></span> <span class='ocrx_word' id='word_1_8' title='bbox 309 381 421 423; x_wconf 89' lang='lat' dir='ltr'><strong><em>unici</em></strong></span> <span class='ocrx_word' id='word_1_9' title='bbox 461 381 527 422; x_wconf 91' lang='lat' dir='ltr'><strong><em>dei</em></strong></span> <span class='ocrx_word' id='word_1_10' title='bbox 566 379 643 422; x_wconf 80' lang='lat' dir='ltr'><strong><em>fih’i</em></strong></span> <span class='ocrx_word' id='word_1_11' title='bbox 681 380 844 429; x_wconf 78' lang='lat' dir='ltr'><strong><em>hostes,</em></strong></span> <span class='ocrx_word' id='word_1_12' title='bbox 891 378 1075 433; x_wconf 86' lang='lat' dir='ltr'><strong><em>fugimus</em></strong></span> <span class='ocrx_word' id='word_1_13' title='bbox 1119 379 1278 421; x_wconf 85' lang='lat' dir='ltr'><strong><em>nefaria</em></strong></span> <span class='ocrx_word' id='word_1_14' title='bbox 1322 380 1496 422; x_wconf 84' lang='lat' dir='ltr'><strong><em>consilia</em></strong></span> <span class='ocrx_word' id='word_1_15' title='bbox 1537 381 1680 422; x_wconf 84' lang='lat' dir='ltr'><strong><em>uestra</em></strong></span> 
     </span>
     <span class='ocr_line' id='line_1_3' title="bbox 175 447 1676 504; baseline -0.001 -12"><span class='ocrx_word' id='word_1_16' title='bbox 175 451 458 504; x_wconf 77' lang='lat' dir='ltr'><strong>temperantes</strong></span> <span class='ocrx_word' id='word_1_17' title='bbox 489 449 585 491; x_wconf 88' lang='lat' dir='ltr'><strong><em>uoci</em></strong></span> <span class='ocrx_word' id='word_1_18' title='bbox 616 447 793 502; x_wconf 77' lang='lat' dir='ltr'><strong><em>apostoli</em></strong></span> <span class='ocrx_word' id='word_1_19' title='bbox 832 447 916 501; x_wconf 83' lang='lat' dir='ltr'><strong><em>qui,</em></strong></span> <span class='ocrx_word' id='word_1_20' title='bbox 963 449 1139 501; x_wconf 70' lang='lat' dir='ltr'><strong><em>mmim’,</em></strong></span> <span class='ocrx_word' id='word_1_21' title='bbox 1181 448 1330 502; x_wconf 89' lang='lat' dir='ltr'><strong><em>inquit,</em></strong></span> <span class='ocrx_word' id='word_1_22' title='bbox 1370 450 1676 503; x_wconf 75' lang='lat' dir='ltr'><strong><em>consenseritis,</em></strong></span> 
     </span>
     <span class='ocr_line' id='line_1_4' title="bbox 174 517 1679 570; baseline -0.001 -9"><span class='ocrx_word' id='word_1_23' title='bbox 174 519 318 561; x_wconf 77' lang='lat' dir='ltr'><strong><em>suasio</em></strong></span> <span class='ocrx_word' id='word_1_24' title='bbox 348 522 490 560; x_wconf 79' lang='lat' dir='ltr'><strong><em>uestra</em></strong></span> <span class='ocrx_word' id='word_1_25' title='bbox 521 532 571 560; x_wconf 75' lang='lat' dir='ltr'><strong><em>ea·</em></strong></span> <span class='ocrx_word' id='word_1_26' title='bbox 591 518 665 560; x_wconf 81' lang='lat' dir='ltr'><strong><em>deo</em></strong></span> <span class='ocrx_word' id='word_1_27' title='bbox 694 520 755 559; x_wconf 65' lang='lat' dir='ltr'><strong><em>est</em></strong></span> <span class='ocrx_word' id='word_1_28' title='bbox 782 518 856 570; x_wconf 78' lang='lat' dir='ltr'><strong><em>qui</em></strong></span> <span class='ocrx_word' id='word_1_29' title='bbox 884 519 1009 559; x_wconf 82' lang='lat' dir='ltr'><strong><em>uocat</em></strong></span> <span class='ocrx_word' id='word_1_30' title='bbox 1036 530 1123 559; x_wconf 77' lang='lat' dir='ltr'><strong><em>uos.</em></strong></span> <span class='ocrx_word' id='word_1_31' title='bbox 1157 517 1327 559; x_wconf 77' lang='lat' dir='ltr'><strong><em>nescitis</em></strong></span> <span class='ocrx_word' id='word_1_32' title='bbox 1345 517 1449 570; x_wconf 74' lang='lat' dir='ltr'><strong><em>qaia</em></strong></span> <span class='ocrx_word' id='word_1_33' title='bbox 1468 518 1679 560; x_wconf 81' lang='lat' dir='ltr'><strong><em>modicum</em></strong></span> 
     </span>
     <span class='ocr_line' id='line_1_5' title="bbox 171 585 1678 641; baseline -0.001 -12"><span class='ocrx_word' id='word_1_34' title='bbox 171 589 426 641; x_wconf 77' lang='lat' dir='ltr'><strong><em>fermentum</em></strong></span> <span class='ocrx_word' id='word_1_35' title='bbox 468 590 600 629; x_wconf 82' lang='lat' dir='ltr'><strong><em>totam</em></strong></span> <span class='ocrx_word' id='word_1_36' title='bbox 631 598 819 628; x_wconf 87' lang='lat' dir='ltr'><strong><em>massam</em></strong></span> <span class='ocrx_word' id='word_1_37' title='bbox 849 586 1093 638; x_wconf 79' lang='lat' dir='ltr'><strong><em>corrumpit.</em></strong></span> <span class='ocrx_word' id='word_1_38' title='bbox 1154 585 1364 627; x_wconf 88' lang='lat' dir='ltr'><strong><em>noluimus</em></strong></span> <span class='ocrx_word' id='word_1_39' title='bbox 1401 598 1478 627; x_wconf 86' lang='lat' dir='ltr'><strong><em>uos</em></strong></span> <span class='ocrx_word' id='word_1_40' title='bbox 1511 598 1678 628; x_wconf 85' lang='lat' dir='ltr'><strong><em>uermes</em></strong></span> 
     </span>
     <span class='ocr_line' id='line_1_6' title="bbox 141 653 1678 709; baseline -0.001 -11"><span class='ocrx_word' id='word_1_41' title='bbox 141 655 284 698; x_wconf 77' lang='lat' dir='ltr'><strong><em>sArrii</em></strong></span> <span class='ocrx_word' id='word_1_42' title='bbox 314 655 502 709; x_wconf 88' lang='lat' dir='ltr'><strong><em>recipere</em></strong></span> <span class='ocrx_word' id='word_1_43' title='bbox 534 667 608 697; x_wconf 86' lang='lat' dir='ltr'><strong><em>nos</em></strong></span> <span class='ocrx_word' id='word_1_44' title='bbox 639 654 752 696; x_wconf 87' lang='lat' dir='ltr'><strong><em>serui</em></strong></span> <span class='ocrx_word' id='word_1_45' title='bbox 784 653 940 696; x_wconf 86' lang='lat' dir='ltr'><strong><em>Christi</em></strong></span> <span class='ocrx_word' id='word_1_46' title='bbox 978 653 1019 695; x_wconf 89' lang='lat' dir='ltr'><strong><em>in</em></strong></span> <span class='ocrx_word' id='word_1_47' title='bbox 1051 654 1312 703; x_wconf 75' lang='lat' dir='ltr'><strong><em>societatem,</em></strong></span> <span class='ocrx_word' id='word_1_48' title='bbox 1359 666 1410 695; x_wconf 89' lang='lat' dir='ltr'><strong><em>ne</em></strong></span> <span class='ocrx_word' id='word_1_49' title='bbox 1455 653 1678 696; x_wconf 79' lang='lat' dir='ltr'><strong><em>fuissemus</em></strong></span> 
     </span>
     <span class='ocr_line' id='line_1_7' title="bbox 176 722 1677 776; baseline -0.001 -11"><span class='ocrx_word' id='word_1_50' title='bbox 176 736 223 765; x_wconf 88' lang='lat' dir='ltr'><strong><em>eo</em></strong></span> <span class='ocrx_word' id='word_1_51' title='bbox 254 736 415 765; x_wconf 89' lang='lat' dir='ltr'><strong><em>ueneno</em></strong></span> <span class='ocrx_word' id='word_1_52' title='bbox 447 723 606 765; x_wconf 85' lang='lat' dir='ltr'><strong><em>diaboli</em></strong></span> <span class='ocrx_word' id='word_1_53' title='bbox 637 735 718 776; x_wconf 85' lang='lat' dir='ltr'><strong><em>quo</em></strong></span> <span class='ocrx_word' id='word_1_54' title='bbox 749 734 826 764; x_wconf 87' lang='lat' dir='ltr'><strong><em>uos</em></strong></span> <span class='ocrx_word' id='word_1_55' title='bbox 859 722 962 763; x_wconf 89' lang='lat' dir='ltr'><strong><em>estis</em></strong></span> <span class='ocrx_word' id='word_1_56' title='bbox 993 722 1242 775; x_wconf 74' lang='lat' dir='ltr'><strong><em>consumpti.</em></strong></span> <span class='ocrx_word' id='word_1_57' title='bbox 1301 722 1511 763; x_wconf 90' lang='lat' dir='ltr'><strong><em>noluimus</em></strong></span> <span class='ocrx_word' id='word_1_58' title='bbox 1531 723 1677 764; x_wconf 90' lang='lat' dir='ltr'><strong><em>uobis-</em></strong></span> 
     </span>
     <span class='ocr_line' id='line_1_8' title="bbox 174 791 1678 845; baseline 0 -11"><span class='ocrx_word' id='word_1_59' title='bbox 174 805 270 834; x_wconf 91' lang='lat' dir='ltr'><strong><em>cum</em></strong></span> <span class='ocrx_word' id='word_1_60' title='bbox 300 793 374 841; x_wconf 75' lang='lat' dir='ltr'><strong><em>ire,</em></strong></span> <span class='ocrx_word' id='word_1_61' title='bbox 406 805 503 833; x_wconf 91' lang='lat' dir='ltr'><strong><em>cum</em></strong></span> <span class='ocrx_word' id='word_1_62' title='bbox 535 791 772 834; x_wconf 79' lang='lat' dir='ltr'><strong><em>hominibus</em></strong></span> <span class='ocrx_word' id='word_1_63' title='bbox 800 791 1015 841; x_wconf 72' lang='lat' dir='ltr'><strong><em>uidelicet,</em></strong></span> <span class='ocrx_word' id='word_1_64' title='bbox 1057 792 1127 845; x_wconf 91' lang='lat' dir='ltr'><strong><em>qui</em></strong></span> <span class='ocrx_word' id='word_1_65' title='bbox 1159 791 1294 833; x_wconf 87' lang='lat' dir='ltr'><strong><em>adhuc</em></strong></span> <span class='ocrx_word' id='word_1_66' title='bbox 1326 791 1554 833; x_wconf 86' lang='lat' dir='ltr'><strong><em>uideamini</em></strong></span> <span class='ocrx_word' id='word_1_67' title='bbox 1587 805 1678 834; x_wconf 84' lang='lat' dir='ltr'><strong><em>esse</em></strong></span> 
     </span>
     <span class='ocr_line' id='line_1_9' title="bbox 176 859 1677 914; baseline -0.001 -11"><span class='ocrx_word' id='word_1_68' title='bbox 176 861 292 903; x_wconf 84' lang='lat' dir='ltr'><strong><em>extra</em></strong></span> <span class='ocrx_word' id='word_1_69' title='bbox 323 860 390 902; x_wconf 87' lang='lat' dir='ltr'><strong><em>dei</em></strong></span> <span class='ocrx_word' id='word_1_70' title='bbox 419 860 626 911; x_wconf 77' lang='lat' dir='ltr'><strong><em>notitiam,</em></strong></span> <span class='ocrx_word' id='word_1_71' title='bbox 660 860 729 914; x_wconf 91' lang='lat' dir='ltr'><strong><em>qui</em></strong></span> <span class='ocrx_word' id='word_1_72' title='bbox 760 860 898 901; x_wconf 84' lang='lat' dir='ltr'><strong><em>adhuc</em></strong></span> <span class='ocrx_word' id='word_1_73' title='bbox 920 861 997 901; x_wconf 92' lang='lat' dir='ltr'><strong><em>sub</em></strong></span> <span class='ocrx_word' id='word_1_74' title='bbox 1022 859 1176 902; x_wconf 81' lang='lat' dir='ltr'><strong><em>diaboli</em></strong></span> <span class='ocrx_word' id='word_1_75' title='bbox 1202 859 1294 901; x_wconf 88' lang='lat' dir='ltr'><strong><em>sitis</em></strong></span> <span class='ocrx_word' id='word_1_76' title='bbox 1317 860 1534 902; x_wconf 88' lang='lat' dir='ltr'><strong><em>constituti</em></strong></span> <span class='ocrx_word' id='word_1_77' title='bbox 1555 861 1677 914; x_wconf 86' lang='lat' dir='ltr'><strong><em>pote-</em></strong></span> 
     </span>
     <span class='ocr_line' id='line_1_10' title="bbox 174 928 1676 982; baseline 0 -11"><span class='ocrx_word' id='word_1_78' title='bbox 174 930 295 971; x_wconf 83' lang='lat' dir='ltr'><strong><em>state.</em></strong></span> <span class='ocrx_word' id='word_1_79' title='bbox 356 928 566 970; x_wconf 89' lang='lat' dir='ltr'><strong><em>noluimus</em></strong></span> <span class='ocrx_word' id='word_1_80' title='bbox 605 929 784 970; x_wconf 77' lang='lat' dir='ltr'><strong><em>mortuis</em></strong></span> <span class='ocrx_word' id='word_1_81' title='bbox 816 929 1012 982; x_wconf 83' lang='lat' dir='ltr'><strong><em>coniungi</em></strong></span> <span class='ocrx_word' id='word_1_82' title='bbox 1041 929 1142 977; x_wconf 77' lang='lat' dir='ltr'><strong><em>uiui,</em></strong></span> <span class='ocrx_word' id='word_1_83' title='bbox 1192 928 1290 982; x_wconf 87' lang='lat' dir='ltr'><strong><em>quia</em></strong></span> <span class='ocrx_word' id='word_1_84' title='bbox 1323 929 1432 971; x_wconf 87' lang='lat' dir='ltr'><strong><em>tales</em></strong></span> <span class='ocrx_word' id='word_1_85' title='bbox 1476 941 1551 971; x_wconf 88' lang='lat' dir='ltr'><strong><em>uos</em></strong></span> <span class='ocrx_word' id='word_1_86' title='bbox 1583 942 1676 971; x_wconf 88' lang='lat' dir='ltr'><strong><em>esse</em></strong></span> 
     </span>
     <span class='ocr_line' id='line_1_11' title="bbox 123 997 1678 1052; baseline 0.001 -13"><span class='ocrx_word' id='word_1_87' title='bbox 123 1010 156 1034; x_wconf 92' lang='lat'><strong><em>10</em></strong></span> <span class='ocrx_word' id='word_1_88' title='bbox 173 997 497 1052; x_wconf 76' lang='lat' dir='ltr'>cognoscamini,</span> <span class='ocrx_word' id='word_1_89' title='bbox 546 998 692 1052; x_wconf 79' lang='lat' dir='ltr'><strong><em>quales</em></strong></span> <span class='ocrx_word' id='word_1_90' title='bbox 730 997 931 1039; x_wconf 77' lang='lat' dir='ltr'><strong><em>fuerimus</em></strong></span> <span class='ocrx_word' id='word_1_91' title='bbox 968 998 1049 1051; x_wconf 87' lang='lat' dir='ltr'><strong><em>ipsi</em></strong></span> <span class='ocrx_word' id='word_1_92' title='bbox 1091 998 1314 1051; x_wconf 84' lang='lat' dir='ltr'><strong><em>antequam</em></strong></span> <span class='ocrx_word' id='word_1_93' title='bbox 1353 997 1678 1040; x_wconf 82' lang='lat' dir='ltr'><strong><em>credidissemus</em></strong></span> 
     </span>
     <span class='ocr_line' id='line_1_12' title="bbox 172 1066 1678 1120; baseline 0 -12"><span class='ocrx_word' id='word_1_94' title='bbox 172 1066 213 1108; x_wconf 90' lang='lat' dir='ltr'><strong><em>in</em></strong></span> <span class='ocrx_word' id='word_1_95' title='bbox 245 1067 414 1108; x_wconf 86' lang='lat' dir='ltr'><strong><em>unicum</em></strong></span> <span class='ocrx_word' id='word_1_96' title='bbox 447 1066 515 1108; x_wconf 90' lang='lat' dir='ltr'><strong><em>dei</em></strong></span> <span class='ocrx_word' id='word_1_97' title='bbox 545 1066 692 1108; x_wconf 83' lang='lat' dir='ltr'><strong><em>filium.</em></strong></span> <span class='ocrx_word' id='word_1_98' title='bbox 753 1067 857 1108; x_wconf 88' lang='lat' dir='ltr'><strong><em>haec</em></strong></span> <span class='ocrx_word' id='word_1_99' title='bbox 878 1066 941 1108; x_wconf 88' lang='lat' dir='ltr'><strong><em>ita</em></strong></span> <span class='ocrx_word' id='word_1_100' title='bbox 962 1079 1006 1108; x_wconf 90' lang='lat' dir='ltr'><strong><em>se</em></strong></span> <span class='ocrx_word' id='word_1_101' title='bbox 1027 1067 1181 1109; x_wconf 89' lang='lat' dir='ltr'><strong><em>habere</em></strong></span> <span class='ocrx_word' id='word_1_102' title='bbox 1201 1066 1444 1108; x_wconf 87' lang='lat' dir='ltr'><strong><em>manifestat</em></strong></span> <span class='ocrx_word' id='word_1_103' title='bbox 1466 1066 1678 1120; x_wconf 86' lang='lat' dir='ltr'><strong><em>apostolus</em></strong></span> 
     </span>
     <span class='ocr_line' id='line_1_13' title="bbox 172 1135 1679 1189; baseline 0 -12"><span class='ocrx_word' id='word_1_104' title='bbox 172 1135 364 1189; x_wconf 84' lang='lat' dir='ltr'><strong><em>Ephesiis</em></strong></span> <span class='ocrx_word' id='word_1_105' title='bbox 395 1135 604 1177; x_wconf 86' lang='lat' dir='ltr'><strong><em>scribens:</em></strong></span> <span class='ocrx_word' id='word_1_106' title='bbox 637 1138 677 1177; x_wconf 89' lang='lat' dir='ltr'><strong><em>et</em></strong></span> <span class='ocrx_word' id='word_1_107' title='bbox 704 1148 781 1178; x_wconf 77' lang='lat' dir='ltr'><strong><em>uos</em></strong></span> <span class='ocrx_word' id='word_1_108' title='bbox 802 1149 897 1177; x_wconf 82' lang='lat' dir='ltr'><strong><em>cum</em></strong></span> <span class='ocrx_word' id='word_1_109' title='bbox 917 1137 1059 1178; x_wconf 83' lang='lat' dir='ltr'><strong><em>essetis</em></strong></span> <span class='ocrx_word' id='word_1_110' title='bbox 1078 1136 1238 1177; x_wconf 79' lang='lat' dir='ltr'><strong><em>mortui</em></strong></span> <span class='ocrx_word' id='word_1_111' title='bbox 1257 1135 1422 1177; x_wconf 73' lang='lat' dir='ltr'><strong><em>delictis</em></strong></span> <span class='ocrx_word' id='word_1_112' title='bbox 1442 1139 1480 1177; x_wconf 86' lang='lat' dir='ltr'><strong><em>et</em></strong></span> <span class='ocrx_word' id='word_1_113' title='bbox 1495 1136 1679 1188; x_wconf 78' lang='lat' dir='ltr'><strong><em>peccatis</em></strong></span> 
     </span>
     <span class='ocr_line' id='line_1_14' title="bbox 170 1203 1678 1257; baseline 0 -11"><span class='ocrx_word' id='word_1_114' title='bbox 170 1205 335 1254; x_wconf 77' lang='lat' dir='ltr'><strong><em>uestris,</em></strong></span> <span class='ocrx_word' id='word_1_115' title='bbox 367 1205 417 1245; x_wconf 77' lang='lat' dir='ltr'><strong><em>in</em></strong></span> <span class='ocrx_word' id='word_1_116' title='bbox 447 1204 600 1257; x_wconf 79' lang='lat' dir='ltr'><strong><em>quibus</em></strong></span> <span class='ocrx_word' id='word_1_117' title='bbox 631 1203 866 1256; x_wconf 81' lang='lat' dir='ltr'><strong><em>aliquando</em></strong></span> <span class='ocrx_word' id='word_1_118' title='bbox 896 1205 1149 1247; x_wconf 73' lang='lat' dir='ltr'><strong><em>ambulastis</em></strong></span> <span class='ocrx_word' id='word_1_119' title='bbox 1179 1204 1408 1246; x_wconf 79' lang='lat' dir='ltr'><strong><em>secundam</em></strong></span> <span class='ocrx_word' id='word_1_120' title='bbox 1432 1205 1678 1257; x_wconf 79' lang='lat' dir='ltr'><strong><em>principem</em></strong></span> 
     </span>
     <span class='ocr_line' id='line_1_15' title="bbox 163 1272 1677 1328; baseline -0.001 -13"><span class='ocrx_word' id='word_1_121' title='bbox 163 1274 388 1327; x_wconf 76' lang='lat' dir='ltr'><strong><em>potestatis</em></strong></span> <span class='ocrx_word' id='word_1_122' title='bbox 427 1274 541 1315; x_wconf 80' lang='lat' dir='ltr'><strong><em>aeris</em></strong></span> <span class='ocrx_word' id='word_1_123' title='bbox 580 1273 722 1325; x_wconf 65' lang='lat' dir='ltr'><strong><em>huius,</em></strong></span> <span class='ocrx_word' id='word_1_124' title='bbox 766 1275 947 1328; x_wconf 79' lang='lat' dir='ltr'><strong><em>spiritus</em></strong></span> <span class='ocrx_word' id='word_1_125' title='bbox 984 1275 1061 1328; x_wconf 68' lang='lat' dir='ltr'><strong><em>qai</em></strong></span> <span class='ocrx_word' id='word_1_126' title='bbox 1098 1287 1214 1316; x_wconf 79' lang='lat' dir='ltr'><strong><em>nunc</em></strong></span> <span class='ocrx_word' id='word_1_127' title='bbox 1254 1276 1453 1327; x_wconf 79' lang='lat' dir='ltr'><strong><em>operatur</em></strong></span> <span class='ocrx_word' id='word_1_128' title='bbox 1491 1273 1541 1314; x_wconf 74' lang='lat' dir='ltr'><strong><em>in</em></strong></span> <span class='ocrx_word' id='word_1_129' title='bbox 1571 1272 1677 1326; x_wconf 72' lang='lat' dir='ltr'><strong><em>filiis</em></strong></span> 
     </span>
     <span class='ocr_line' id='line_1_16' title="bbox 122 1342 1674 1396; baseline 0 -13"><span class='ocrx_word' id='word_1_130' title='bbox 122 1351 155 1377; x_wconf 81' lang='lat'><strong><em>1⁵</em></strong></span> <span class='ocrx_word' id='word_1_131' title='bbox 170 1342 449 1396; x_wconf 75' lang='lat' dir='ltr'><strong><em>diffidentiae,</em></strong></span> <span class='ocrx_word' id='word_1_132' title='bbox 496 1344 547 1384; x_wconf 79' lang='lat' dir='ltr'><strong><em>in</em></strong></span> <span class='ocrx_word' id='word_1_133' title='bbox 589 1343 740 1396; x_wconf 78' lang='lat' dir='ltr'><strong><em>quibus</em></strong></span> <span class='ocrx_word' id='word_1_134' title='bbox 778 1347 815 1386; x_wconf 90' lang='lat' dir='ltr'><strong><em>et</em></strong></span> <span class='ocrx_word' id='word_1_135' title='bbox 853 1357 930 1386; x_wconf 78' lang='lat' dir='ltr'><strong><em>nos</em></strong></span> <span class='ocrx_word' id='word_1_136' title='bbox 971 1357 1112 1386; x_wconf 76' lang='lat' dir='ltr'><strong><em>omnes</em></strong></span> <span class='ocrx_word' id='word_1_137' title='bbox 1141 1343 1384 1386; x_wconf 80' lang='lat' dir='ltr'><strong><em>conuersati</em></strong></span> <span class='ocrx_word' id='word_1_138' title='bbox 1413 1355 1560 1384; x_wconf 78' lang='lat' dir='ltr'><strong><em>sumus</em></strong></span> <span class='ocrx_word' id='word_1_139' title='bbox 1591 1342 1674 1383; x_wconf 80' lang='lat' dir='ltr'><strong><em>ali-</em></strong></span> 
     </span>
     <span class='ocr_line' id='line_1_17' title="bbox 170 1411 1674 1466; baseline -0.001 -14"><span class='ocrx_word' id='word_1_140' title='bbox 170 1411 342 1465; x_wconf 77' lang='lat' dir='ltr'><strong><em>quando</em></strong></span> <span class='ocrx_word' id='word_1_141' title='bbox 372 1412 421 1452; x_wconf 76' lang='lat' dir='ltr'><strong><em>in</em></strong></span> <span class='ocrx_word' id='word_1_142' title='bbox 452 1412 794 1465; x_wconf 82' lang='lat' dir='ltr'><strong><em>concupiscentia</em></strong></span> <span class='ocrx_word' id='word_1_143' title='bbox 825 1413 971 1454; x_wconf 71' lang='lat' dir='ltr'><strong><em>carnis</em></strong></span> <span class='ocrx_word' id='word_1_144' title='bbox 991 1416 1170 1463; x_wconf 74' lang='lat' dir='ltr'><strong><em>nostrae,</em></strong></span> <span class='ocrx_word' id='word_1_145' title='bbox 1200 1412 1404 1466; x_wconf 81' lang='lat' dir='ltr'><strong><em>facientes</em></strong></span> <span class='ocrx_word' id='word_1_146' title='bbox 1434 1411 1674 1452; x_wconf 79' lang='lat' dir='ltr'><strong><em>uoluntates</em></strong></span> 
     </span>
     <span class='ocr_line' id='line_1_18' title="bbox 170 1479 1674 1534; baseline -0.001 -13"><span class='ocrx_word' id='word_1_147' title='bbox 170 1480 316 1521; x_wconf 71' lang='lat' dir='ltr'><strong><em>carnis</em></strong></span> <span class='ocrx_word' id='word_1_148' title='bbox 344 1483 381 1521; x_wconf 80' lang='lat' dir='ltr'><strong><em>et</em></strong></span> <span class='ocrx_word' id='word_1_149' title='bbox 412 1480 715 1531; x_wconf 61' lang='lat' dir='ltr'><strong><em>consiliorum</em></strong></span> <span class='ocrx_word' id='word_1_150' title='bbox 760 1483 800 1522; x_wconf 85' lang='lat' dir='ltr'><strong><em>et</em></strong></span> <span class='ocrx_word' id='word_1_151' title='bbox 836 1494 1006 1523; x_wconf 82' lang='lat' dir='ltr'><strong><em>eramus</em></strong></span> <span class='ocrx_word' id='word_1_152' title='bbox 1036 1480 1259 1522; x_wconf 79' lang='lat' dir='ltr'><strong><em>naturales</em></strong></span> <span class='ocrx_word' id='word_1_153' title='bbox 1296 1480 1382 1534; x_wconf 70' lang='lat' dir='ltr'><strong><em>filii</em></strong></span> <span class='ocrx_word' id='word_1_154' title='bbox 1411 1480 1515 1533; x_wconf 84' lang='lat' dir='ltr'><strong><em>irae,</em></strong></span> <span class='ocrx_word' id='word_1_155' title='bbox 1565 1479 1674 1521; x_wconf 80' lang='lat' dir='ltr'><strong><em>sicut</em></strong></span> 
     </span>
     <span class='ocr_line' id='line_1_19' title="bbox 170 1548 1676 1603; baseline -0.001 -13"><span class='ocrx_word' id='word_1_156' title='bbox 170 1551 209 1590; x_wconf 87' lang='lat' dir='ltr'><strong><em>et</em></strong></span> <span class='ocrx_word' id='word_1_157' title='bbox 237 1549 374 1591; x_wconf 82' lang='lat' dir='ltr'><strong><em>ceteri.</em></strong></span> <span class='ocrx_word' id='word_1_158' title='bbox 426 1561 523 1590; x_wconf 89' lang='lat' dir='ltr'><strong><em>cum</em></strong></span> <span class='ocrx_word' id='word_1_159' title='bbox 556 1548 690 1590; x_wconf 86' lang='lat' dir='ltr'><strong><em>adhuc</em></strong></span> <span class='ocrx_word' id='word_1_160' title='bbox 723 1561 800 1591; x_wconf 88' lang='lat' dir='ltr'><strong><em>uos</em></strong></span> <span class='ocrx_word' id='word_1_161' title='bbox 829 1549 939 1591; x_wconf 85' lang='lat' dir='ltr'><strong><em>tales</em></strong></span> <span class='ocrx_word' id='word_1_162' title='bbox 971 1549 1076 1599; x_wconf 84' lang='lat' dir='ltr'><strong><em>sitis,</em></strong></span> <span class='ocrx_word' id='word_1_163' title='bbox 1110 1549 1255 1603; x_wconf 89' lang='lat' dir='ltr'><strong><em>quales</em></strong></span> <span class='ocrx_word' id='word_1_164' title='bbox 1287 1561 1360 1591; x_wconf 90' lang='lat' dir='ltr'><strong><em>nos</em></strong></span> <span class='ocrx_word' id='word_1_165' title='bbox 1392 1548 1520 1590; x_wconf 84' lang='lat' dir='ltr'><strong><em>fuisse</em></strong></span> <span class='ocrx_word' id='word_1_166' title='bbox 1553 1548 1676 1590; x_wconf 82' lang='lat' dir='ltr'><strong><em>ante-</em></strong></span> 
     </span>
     <span class='ocr_line' id='line_1_20' title="bbox 171 1616 1677 1671; baseline 0.001 -14"><span class='ocrx_word' id='word_1_167' title='bbox 171 1629 296 1670; x_wconf 83' lang='lat' dir='ltr'><strong><em>quam</em></strong></span> <span class='ocrx_word' id='word_1_168' title='bbox 318 1616 646 1659; x_wconf 84' lang='lat' dir='ltr'><strong><em>credidissemus</em></strong></span> <span class='ocrx_word' id='word_1_169' title='bbox 665 1617 794 1659; x_wconf 84' lang='lat' dir='ltr'><strong><em>refert</em></strong></span> <span class='ocrx_word' id='word_1_170' title='bbox 824 1618 1114 1659; x_wconf 87' lang='lat' dir='ltr'><strong><em>sanctissimus</em></strong></span> <span class='ocrx_word' id='word_1_171' title='bbox 1147 1618 1374 1671; x_wconf 82' lang='lat' dir='ltr'><strong><em>apostolus,</em></strong></span> <span class='ocrx_word' id='word_1_172' title='bbox 1404 1617 1550 1670; x_wconf 90' lang='lat' dir='ltr'><strong><em>utique</em></strong></span> <span class='ocrx_word' id='word_1_173' title='bbox 1582 1616 1677 1658; x_wconf 89' lang='lat' dir='ltr'><strong><em>fue-</em></strong></span> 
     </span>
     <span class='ocr_line' id='line_1_21' title="bbox 119 1685 1678 1741; baseline 0 -15"><span class='ocrx_word' id='word_1_174' title='bbox 119 1694 152 1719; x_wconf 78' lang='lat'><strong><em>20</em></strong></span> <span class='ocrx_word' id='word_1_175' title='bbox 169 1685 272 1726; x_wconf 87' lang='lat' dir='ltr'><strong><em>ratis</em></strong></span> <span class='ocrx_word' id='word_1_176' title='bbox 302 1685 479 1735; x_wconf 85' lang='lat' dir='ltr'><strong><em>uitandi,</em></strong></span> <span class='ocrx_word' id='word_1_177' title='bbox 511 1686 713 1736; x_wconf 77' lang='lat' dir='ltr'><strong><em>homine8‚</em></strong></span> <span class='ocrx_word' id='word_1_178' title='bbox 744 1686 786 1727; x_wconf 94' lang='lat' dir='ltr'><strong><em>in</em></strong></span> <span class='ocrx_word' id='word_1_179' title='bbox 818 1686 969 1740; x_wconf 90' lang='lat' dir='ltr'><strong><em>quibus</em></strong></span> <span class='ocrx_word' id='word_1_180' title='bbox 991 1686 1212 1741; x_wconf 85' lang='lat' dir='ltr'><strong><em>operentur</em></strong></span> <span class='ocrx_word' id='word_1_181' title='bbox 1244 1686 1287 1727; x_wconf 89' lang='lat' dir='ltr'><strong><em>et</em></strong></span> <span class='ocrx_word' id='word_1_182' title='bbox 1310 1699 1383 1740; x_wconf 89' lang='lat' dir='ltr'><strong><em>per</em></strong></span> <span class='ocrx_word' id='word_1_183' title='bbox 1405 1698 1508 1739; x_wconf 91' lang='lat' dir='ltr'><strong><em>quos</em></strong></span> <span class='ocrx_word' id='word_1_184' title='bbox 1528 1686 1678 1739; x_wconf 89' lang='lat' dir='ltr'><strong><em>gerant</em></strong></span> 
     </span>
     <span class='ocr_line' id='line_1_22' title="bbox 168 1753 1674 1808; baseline 0.001 -14"><span class='ocrx_word' id='word_1_185' title='bbox 168 1753 376 1807; x_wconf 85' lang='lat' dir='ltr'><strong><em>principes</em></strong></span> <span class='ocrx_word' id='word_1_186' title='bbox 388 1753 625 1807; x_wconf 78' lang='lat' dir='ltr'><strong><em>potestatis,</em></strong></span> <span class='ocrx_word' id='word_1_187' title='bbox 643 1753 752 1796; x_wconf 89' lang='lat' dir='ltr'><strong><em>aeris</em></strong></span> <span class='ocrx_word' id='word_1_188' title='bbox 766 1754 891 1796; x_wconf 88' lang='lat' dir='ltr'><strong><em>huius</em></strong></span> <span class='ocrx_word' id='word_1_189' title='bbox 913 1755 1095 1808; x_wconf 83' lang='lat' dir='ltr'><strong><em>spiritus,</em></strong></span> <span class='ocrx_word' id='word_1_190' title='bbox 1114 1767 1235 1797; x_wconf 88' lang='lat' dir='ltr'><strong><em>omne</em></strong></span> <span class='ocrx_word' id='word_1_191' title='bbox 1254 1754 1510 1797; x_wconf 87' lang='lat' dir='ltr'><strong><em>desiderium</em></strong></span> <span class='ocrx_word' id='word_1_192' title='bbox 1527 1767 1674 1803; x_wconf 88' lang='lat' dir='ltr'><strong><em>suum;</em></strong></span> 
     </span>
     <span class='ocr_line' id='line_1_23' title="bbox 172 1823 1676 1877; baseline 0.001 -13"><span class='ocrx_word' id='word_1_193' title='bbox 172 1823 298 1864; x_wconf 85' lang='lat' dir='ltr'><strong><em>eratis</em></strong></span> <span class='ocrx_word' id='word_1_194' title='bbox 327 1823 518 1877; x_wconf 82' lang='lat' dir='ltr'><strong><em>fugiendi</em></strong></span> <span class='ocrx_word' id='word_1_195' title='bbox 548 1823 625 1864; x_wconf 89' lang='lat' dir='ltr'><strong><em>filii</em></strong></span> <span class='ocrx_word' id='word_1_196' title='bbox 657 1823 929 1873; x_wconf 76' lang='lat' dir='ltr'><strong><em>diffidentiae,</em></strong></span> <span class='ocrx_word' id='word_1_197' title='bbox 962 1823 1040 1865; x_wconf 87' lang='lat' dir='ltr'><strong><em>filii</em></strong></span> <span class='ocrx_word' id='word_1_198' title='bbox 1070 1824 1318 1866; x_wconf 82' lang='lat' dir='ltr'><strong><em>naturaliter</em></strong></span> <span class='ocrx_word' id='word_1_199' title='bbox 1348 1823 1450 1873; x_wconf 81' lang='lat' dir='ltr'><strong><em>irae,</em></strong></span> <span class='ocrx_word' id='word_1_200' title='bbox 1481 1836 1532 1865; x_wconf 90' lang='lat' dir='ltr'><strong><em>ne</em></strong></span> <span class='ocrx_word' id='word_1_201' title='bbox 1556 1824 1676 1865; x_wconf 90' lang='lat' dir='ltr'><strong><em>uobis</em></strong></span> 
     </span>
     <span class='ocr_line' id='line_1_24' title="bbox 170 1891 1676 1945; baseline 0 -12"><span class='ocrx_word' id='word_1_202' title='bbox 170 1892 380 1934; x_wconf 88' lang='lat' dir='ltr'><strong><em>haerendo</em></strong></span> <span class='ocrx_word' id='word_1_203' title='bbox 412 1891 465 1933; x_wconf 89' lang='lat' dir='ltr'><strong><em>ad</em></strong></span> <span class='ocrx_word' id='word_1_204' title='bbox 494 1891 539 1932; x_wconf 90' lang='lat' dir='ltr'><strong><em>id</em></strong></span> <span class='ocrx_word' id='word_1_205' title='bbox 570 1891 682 1945; x_wconf 89' lang='lat' dir='ltr'><strong><em>quod</em></strong></span> <span class='ocrx_word' id='word_1_206' title='bbox 714 1892 810 1933; x_wconf 83' lang='lat' dir='ltr'><strong><em>ante</em></strong></span> <span class='ocrx_word' id='word_1_207' title='bbox 841 1891 1065 1934; x_wconf 87' lang='lat' dir='ltr'><strong><em>fuissemus</em></strong></span> <span class='ocrx_word' id='word_1_208' title='bbox 1095 1892 1405 1934; x_wconf 87' lang='lat' dir='ltr'><strong><em>reduceremur.</em></strong></span> <span class='ocrx_word' id='word_1_209' title='bbox 1467 1892 1676 1934; x_wconf 86' lang='lat' dir='ltr'><strong><em>noluimus</em></strong></span> 
     </span>
     <span class='ocr_line' id='line_1_25' title="bbox 172 1960 1677 2014; baseline 0 -13"><span class='ocrx_word' id='word_1_210' title='bbox 172 1973 262 2002; x_wconf 88' lang='lat' dir='ltr'><strong><em>esse</em></strong></span> <span class='ocrx_word' id='word_1_211' title='bbox 308 1961 548 2010; x_wconf 79' lang='lat' dir='ltr'><strong><em>uobiscum,</em></strong></span> <span class='ocrx_word' id='word_1_212' title='bbox 597 1961 697 2014; x_wconf 89' lang='lat' dir='ltr'><strong><em>quia</em></strong></span> <span class='ocrx_word' id='word_1_213' title='bbox 737 1961 871 2002; x_wconf 90' lang='lat' dir='ltr'><strong><em>adhuc</em></strong></span> <span class='ocrx_word' id='word_1_214' title='bbox 911 1974 991 2003; x_wconf 91' lang='lat' dir='ltr'><strong><em>non</em></strong></span> <span class='ocrx_word' id='word_1_215' title='bbox 1033 1961 1194 2003; x_wconf 83' lang='lat' dir='ltr'><strong><em>fueritis</em></strong></span> <span class='ocrx_word' id='word_1_216' title='bbox 1232 1961 1565 2003; x_wconf 89' lang='lat' dir='ltr'><strong><em>misericordiam</em></strong></span> <span class='ocrx_word' id='word_1_217' title='bbox 1610 1960 1677 2002; x_wconf 90' lang='lat' dir='ltr'><strong><em>dei</em></strong></span> 
     </span>
     <span class='ocr_line' id='line_1_26' title="bbox 119 2028 1677 2082; baseline 0.001 -12"><span class='ocrx_word' id='word_1_218' title='bbox 119 2034 152 2060; x_wconf 79' lang='lat'><strong><em>2⁵</em></strong></span> <span class='ocrx_word' id='word_1_219' title='bbox 172 2028 313 2082; x_wconf 83' lang='lat' dir='ltr'><strong><em>adepti</em></strong></span> <span class='ocrx_word' id='word_1_220' title='bbox 352 2041 477 2082; x_wconf 87' lang='lat' dir='ltr'><strong><em>quam</em></strong></span> <span class='ocrx_word' id='word_1_221' title='bbox 515 2029 600 2070; x_wconf 90' lang='lat' dir='ltr'><strong><em>iam</em></strong></span> <span class='ocrx_word' id='word_1_222' title='bbox 632 2042 706 2071; x_wconf 93' lang='lat' dir='ltr'><strong><em>nos</em></strong></span> <span class='ocrx_word' id='word_1_223' title='bbox 738 2042 881 2071; x_wconf 91' lang='lat' dir='ltr'><strong><em>sumus</em></strong></span> <span class='ocrx_word' id='word_1_224' title='bbox 913 2030 1139 2071; x_wconf 88' lang='lat' dir='ltr'><strong><em>consecuti.</em></strong></span> <span class='ocrx_word' id='word_1_225' title='bbox 1192 2029 1399 2071; x_wconf 90' lang='lat' dir='ltr'><strong><em>noluimus</em></strong></span> <span class='ocrx_word' id='word_1_226' title='bbox 1431 2029 1677 2071; x_wconf 85' lang='lat' dir='ltr'><strong><em>societatem</em></strong></span> 
     </span>
     <span class='ocr_line' id='line_1_27' title="bbox 169 2097 1673 2151; baseline 0.001 -13"><span class='ocrx_word' id='word_1_227' title='bbox 169 2098 323 2139; x_wconf 82' lang='lat' dir='ltr'><strong><em>habere</em></strong></span> <span class='ocrx_word' id='word_1_228' title='bbox 354 2097 587 2145; x_wconf 82' lang='lat' dir='ltr'><strong><em>uobiscum,</em></strong></span> <span class='ocrx_word' id='word_1_229' title='bbox 621 2097 691 2151; x_wconf 91' lang='lat' dir='ltr'><strong><em>qui</em></strong></span> <span class='ocrx_word' id='word_1_230' title='bbox 722 2097 895 2139; x_wconf 88' lang='lat' dir='ltr'><strong><em>consilio</em></strong></span> <span class='ocrx_word' id='word_1_231' title='bbox 928 2098 1066 2139; x_wconf 86' lang='lat' dir='ltr'><strong><em>carnis</em></strong></span> <span class='ocrx_word' id='word_1_232' title='bbox 1098 2097 1376 2146; x_wconf 82' lang='lat' dir='ltr'><strong><em>ducebamini,</em></strong></span> <span class='ocrx_word' id='word_1_233' title='bbox 1410 2098 1520 2139; x_wconf 88' lang='lat' dir='ltr'><strong><em>sicut</em></strong></span> <span class='ocrx_word' id='word_1_234' title='bbox 1542 2098 1673 2139; x_wconf 87' lang='lat' dir='ltr'><strong><em>duce-</em></strong></span> 
     </span>
     <span class='ocr_line' id='line_1_28' title="bbox 169 2165 1676 2220; baseline 0.001 -14"><span class='ocrx_word' id='word_1_235' title='bbox 169 2166 292 2206; x_wconf 81' lang='lat' dir='ltr'><strong><em>batur</em></strong></span> <span class='ocrx_word' id='word_1_236' title='bbox 336 2165 415 2206; x_wconf 89' lang='lat' dir='ltr'><strong><em>iste</em></strong></span> <span class='ocrx_word' id='word_1_237' title='bbox 454 2165 723 2207; x_wconf 87' lang='lat' dir='ltr'><strong><em>beatissimus</em></strong></span> <span class='ocrx_word' id='word_1_238' title='bbox 763 2166 920 2207; x_wconf 83' lang='lat' dir='ltr'><strong><em>Paulus</em></strong></span> <span class='ocrx_word' id='word_1_239' title='bbox 959 2167 1200 2219; x_wconf 84' lang='lat' dir='ltr'><strong><em>priusquam</em></strong></span> <span class='ocrx_word' id='word_1_240' title='bbox 1240 2165 1503 2215; x_wconf 81' lang='lat' dir='ltr'><strong><em>credidisset,</em></strong></span> <span class='ocrx_word' id='word_1_241' title='bbox 1551 2179 1676 2220; x_wconf 89' lang='lat' dir='ltr'><strong><em>quem</em></strong></span> 
     </span>
     <span class='ocr_line' id='line_1_29' title="bbox 170 2232 1675 2288; baseline 0.001 -14"><span class='ocrx_word' id='word_1_242' title='bbox 170 2233 437 2275; x_wconf 88' lang='lat' dir='ltr'><strong><em>meminimus</em></strong></span> <span class='ocrx_word' id='word_1_243' title='bbox 469 2232 632 2275; x_wconf 84' lang='lat' dir='ltr'><strong><em>dicere:</em></strong></span> <span class='ocrx_word' id='word_1_244' title='bbox 664 2247 782 2275; x_wconf 80' lang='lat' dir='ltr'><strong><em>nemo</em></strong></span> <span class='ocrx_word' id='word_1_245' title='bbox 802 2247 876 2275; x_wconf 79' lang='lat' dir='ltr'><strong><em>uos</em></strong></span> <span class='ocrx_word' id='word_1_246' title='bbox 897 2234 1065 2275; x_wconf 80' lang='lat' dir='ltr'><strong><em>seducat</em></strong></span> <span class='ocrx_word' id='word_1_247' title='bbox 1087 2234 1291 2276; x_wconf 79' lang='lat' dir='ltr'><strong><em>inanibus</em></strong></span> <span class='ocrx_word' id='word_1_248' title='bbox 1315 2235 1464 2277; x_wconf 75' lang='lat' dir='ltr'><strong><em>uerbis.</em></strong></span> <span class='ocrx_word' id='word_1_249' title='bbox 1499 2238 1675 2288; x_wconf 79' lang='lat' dir='ltr'><strong><em>propter</em></strong></span> 
     </span>
     <span class='ocr_line' id='line_1_30' title="bbox 170 2301 1676 2357; baseline 0.001 -15"><span class='ocrx_word' id='word_1_250' title='bbox 170 2301 244 2343; x_wconf 81' lang='lat' dir='ltr'><strong><em>hoc</em></strong></span> <span class='ocrx_word' id='word_1_251' title='bbox 275 2303 391 2343; x_wconf 78' lang='lat' dir='ltr'><strong><em>uenit</em></strong></span> <span class='ocrx_word' id='word_1_252' title='bbox 423 2303 493 2344; x_wconf 85' lang='lat' dir='ltr'><strong><em>ira</em></strong></span> <span class='ocrx_word' id='word_1_253' title='bbox 519 2302 586 2344; x_wconf 79' lang='lat' dir='ltr'><strong><em>dei</em></strong></span> <span class='ocrx_word' id='word_1_254' title='bbox 616 2303 666 2344; x_wconf 74' lang='lat' dir='ltr'><strong><em>in</em></strong></span> <span class='ocrx_word' id='word_1_255' title='bbox 693 2303 807 2357; x_wconf 71' lang='lat' dir='ltr'><strong><em>filios</em></strong></span> <span class='ocrx_word' id='word_1_256' title='bbox 837 2303 1114 2357; x_wconf 69' lang='lat' dir='ltr'><strong><em>diffidentiae.</em></strong></span> <span class='ocrx_word' id='word_1_257' title='bbox 1145 2302 1274 2344; x_wconf 83' lang='lat' dir='ltr'><strong><em>nolite</em></strong></span> <span class='ocrx_word' id='word_1_258' title='bbox 1294 2303 1437 2356; x_wconf 80' lang='lat' dir='ltr'><strong><em>itaque</em></strong></span> <span class='ocrx_word' id='word_1_259' title='bbox 1455 2304 1552 2356; x_wconf 73' lang='lat' dir='ltr'><strong><em>fieri</em></strong></span> <span class='ocrx_word' id='word_1_260' title='bbox 1566 2317 1676 2356; x_wconf 79' lang='lat' dir='ltr'><strong><em>par-</em></strong></span> 
     </span>
     <span class='ocr_line' id='line_1_31' title="bbox 118 2371 1673 2425; baseline 0.001 -14"><span class='ocrx_word' id='word_1_261' title='bbox 118 2376 152 2402; x_wconf 82' lang='lat'><strong><em>³⁰</em></strong></span> <span class='ocrx_word' id='word_1_262' title='bbox 171 2371 319 2424; x_wconf 74' lang='lat' dir='ltr'><strong><em>ticipes</em></strong></span> <span class='ocrx_word' id='word_1_263' title='bbox 348 2384 503 2413; x_wconf 84' lang='lat' dir='ltr'><strong><em>eorum.</em></strong></span> <span class='ocrx_word' id='word_1_264' title='bbox 554 2372 687 2412; x_wconf 80' lang='lat' dir='ltr'><strong><em>eratis</em></strong></span> <span class='ocrx_word' id='word_1_265' title='bbox 717 2372 829 2413; x_wconf 79' lang='lat' dir='ltr'><strong><em>enim</em></strong></span> <span class='ocrx_word' id='word_1_266' title='bbox 860 2371 1095 2425; x_wconf 79' lang='lat' dir='ltr'><strong><em>aliquando</em></strong></span> <span class='ocrx_word' id='word_1_267' title='bbox 1128 2372 1331 2423; x_wconf 82' lang='lat' dir='ltr'><strong><em>tenebrae,</em></strong></span> <span class='ocrx_word' id='word_1_268' title='bbox 1378 2385 1493 2413; x_wconf 79' lang='lat' dir='ltr'><strong><em>nunc</em></strong></span> <span class='ocrx_word' id='word_1_269' title='bbox 1532 2374 1673 2414; x_wconf 79' lang='lat' dir='ltr'><strong><em>autem</em></strong></span> 
     </span>
     <span class='ocr_line' id='line_1_32' title="bbox 171 2439 1672 2494; baseline 0.001 -14"><span class='ocrx_word' id='word_1_270' title='bbox 171 2439 246 2481; x_wconf 77' lang='lat' dir='ltr'><strong><em>lux</em></strong></span> <span class='ocrx_word' id='word_1_271' title='bbox 266 2440 315 2480; x_wconf 75' lang='lat' dir='ltr'><strong><em>in</em></strong></span> <span class='ocrx_word' id='word_1_272' title='bbox 336 2439 521 2488; x_wconf 74' lang='lat' dir='ltr'><strong><em>domino,</em></strong></span> <span class='ocrx_word' id='word_1_273' title='bbox 545 2440 654 2481; x_wconf 81' lang='lat' dir='ltr'><strong><em>sicut</em></strong></span> <span class='ocrx_word' id='word_1_274' title='bbox 672 2440 758 2493; x_wconf 75' lang='lat' dir='ltr'><strong><em>filii</em></strong></span> <span class='ocrx_word' id='word_1_275' title='bbox 779 2439 886 2482; x_wconf 78' lang='lat' dir='ltr'><strong><em>lacis</em></strong></span> <span class='ocrx_word' id='word_1_276' title='bbox 907 2441 1144 2493; x_wconf 81' lang='lat' dir='ltr'><strong><em>ambulate;</em></strong></span> <span class='ocrx_word' id='word_1_277' title='bbox 1172 2441 1338 2494; x_wconf 74' lang='lat' dir='ltr'><strong><em>fractus</em></strong></span> <span class='ocrx_word' id='word_1_278' title='bbox 1357 2441 1469 2482; x_wconf 83' lang='lat' dir='ltr'><strong><em>enim</em></strong></span> <span class='ocrx_word' id='word_1_279' title='bbox 1493 2441 1672 2482; x_wconf 81' lang='lat' dir='ltr'><strong><em>luminis</em></strong></span> 
     </span>
     <span class='ocr_line' id='line_1_33' title="bbox 169 2508 1672 2562; baseline -0.001 -12"><span class='ocrx_word' id='word_1_280' title='bbox 169 2511 226 2550; x_wconf 83' lang='lat' dir='ltr'><strong><em>est</em></strong></span> <span class='ocrx_word' id='word_1_281' title='bbox 269 2509 318 2550; x_wconf 80' lang='lat' dir='ltr'><strong><em>in</em></strong></span> <span class='ocrx_word' id='word_1_282' title='bbox 360 2510 474 2550; x_wconf 80' lang='lat' dir='ltr'><strong><em>omni</em></strong></span> <span class='ocrx_word' id='word_1_283' title='bbox 513 2510 697 2551; x_wconf 78' lang='lat' dir='ltr'><strong><em>bonitate</em></strong></span> <span class='ocrx_word' id='word_1_284' title='bbox 737 2511 776 2550; x_wconf 86' lang='lat' dir='ltr'><strong><em>et</em></strong></span> <span class='ocrx_word' id='word_1_285' title='bbox 804 2509 974 2551; x_wconf 72' lang='lat' dir='ltr'><strong><em>iustitia</em></strong></span> <span class='ocrx_word' id='word_1_286' title='bbox 1004 2512 1041 2550; x_wconf 83' lang='lat' dir='ltr'><strong><em>et</em></strong></span> <span class='ocrx_word' id='word_1_287' title='bbox 1072 2509 1264 2562; x_wconf 80' lang='lat' dir='ltr'><strong><em>ueritate,</em></strong></span> <span class='ocrx_word' id='word_1_288' title='bbox 1308 2508 1537 2561; x_wconf 78' lang='lat' dir='ltr'><strong><em>probantes</em></strong></span> <span class='ocrx_word' id='word_1_289' title='bbox 1567 2508 1672 2561; x_wconf 81' lang='lat' dir='ltr'><strong><em>quid</em></strong></span> 
     </span>
     <span class='ocr_line' id='line_1_34' title="bbox 168 2576 1672 2630; baseline 0.002 -14"><span class='ocrx_word' id='word_1_290' title='bbox 168 2576 223 2617; x_wconf 76' lang='lat' dir='ltr'><strong><em>sit</em></strong></span> <span class='ocrx_word' id='word_1_291' title='bbox 254 2579 470 2629; x_wconf 76' lang='lat' dir='ltr'><strong><em>acceptum</em></strong></span> <span class='ocrx_word' id='word_1_292' title='bbox 500 2577 588 2628; x_wconf 85' lang='lat' dir='ltr'><strong><em>deo,</em></strong></span> <span class='ocrx_word' id='word_1_293' title='bbox 619 2580 655 2619; x_wconf 83' lang='lat' dir='ltr'><strong><em>et</em></strong></span> <span class='ocrx_word' id='word_1_294' title='bbox 688 2578 816 2619; x_wconf 79' lang='lat' dir='ltr'><strong><em>nolite</em></strong></span> <span class='ocrx_word' id='word_1_295' title='bbox 847 2578 1157 2619; x_wconf 74' lang='lat' dir='ltr'><strong><em>communicare</em></strong></span> <span class='ocrx_word' id='word_1_296' title='bbox 1178 2577 1371 2629; x_wconf 72' lang='lat' dir='ltr'><strong><em>operibus</em></strong></span> <span class='ocrx_word' id='word_1_297' title='bbox 1392 2577 1672 2630; x_wconf 76' lang='lat' dir='ltr'><strong><em>infructuosis</em></strong></span> 
     </span>
    </p>
   </div>
   <div class='ocr_carea' id='block_1_3' title="bbox 305 2699 1366 2745">
    <p class='ocr_par' dir='ltr' id='par_1_3' title="bbox 305 2699 1366 2745">
     <span class='ocr_line' id='line_1_35' title="bbox 305 2699 1366 2745; baseline 0.002 -12"><span class='ocrx_word' id='word_1_298' title='bbox 305 2699 327 2733; x_wconf 83' lang='lat'><strong>2</strong></span> <span class='ocrx_word' id='word_1_299' title='bbox 353 2699 432 2734; x_wconf 78' lang='lat' dir='ltr'><strong><em>Gal.</em></strong></span> <span class='ocrx_word' id='word_1_300' title='bbox 457 2700 490 2737; x_wconf 77' lang='lat'><strong><em>5,</em></strong></span> <span class='ocrx_word' id='word_1_301' title='bbox 516 2701 538 2734; x_wconf 89' lang='grc'><strong>9</strong></span> <span class='ocrx_word' id='word_1_302' title='bbox 634 2701 675 2735; x_wconf 90' lang='grc'><strong><em>12</em></strong></span> <span class='ocrx_word' id='word_1_303' title='bbox 702 2701 787 2745; x_wconf 76' lang='lat' dir='ltr'><strong><em>Eph.</em></strong></span> <span class='ocrx_word' id='word_1_304' title='bbox 812 2702 845 2738; x_wconf 76' lang='grc'><strong><em>2,</em></strong></span> <span class='ocrx_word' id='word_1_305' title='bbox 874 2702 962 2735; x_wconf 83' lang='grc'><strong><em>1-3</em></strong></span> <span class='ocrx_word' id='word_1_306' title='bbox 1056 2701 1101 2735; x_wconf 89' lang='grc'><strong><em>28</em></strong></span> <span class='ocrx_word' id='word_1_307' title='bbox 1125 2701 1173 2735; x_wconf 87' lang='lat' dir='ltr'><strong><em>ib.</em></strong></span> <span class='ocrx_word' id='word_1_308' title='bbox 1199 2702 1231 2739; x_wconf 78' lang='lat'><strong><em>5.</em></strong></span> <span class='ocrx_word' id='word_1_309' title='bbox 1257 2701 1366 2736; x_wconf 87' lang='lat'><strong>6—11</strong></span> 
     </span>
    </p>
   </div>
   <div class='ocr_carea' id='block_1_4' title="bbox 171 2813 1581 2916">
    <p class='ocr_par' dir='ltr' id='par_1_4' title="bbox 171 2813 1581 2916">
     <span class='ocr_line' id='line_1_36' title="bbox 239 2813 1581 2850; baseline 0.002 -5"><span class='ocrx_word' id='word_1_310' title='bbox 239 2813 258 2845; x_wconf 86' lang='lat'><strong>7</strong></span> <span class='ocrx_word' id='word_1_311' title='bbox 284 2813 355 2847; x_wconf 77' lang='lat' dir='ltr'><strong><em>irae</em></strong></span> <span class='ocrx_word' id='word_1_312' title='bbox 499 2814 540 2848; x_wconf 94' lang='grc'><strong><em>12</em></strong></span> <span class='ocrx_word' id='word_1_313' title='bbox 565 2814 694 2849; x_wconf 76' lang='lat' dir='ltr'><strong><em>effesiis</em></strong></span> <span class='ocrx_word' id='word_1_314' title='bbox 836 2816 877 2849; x_wconf 79' lang='lat'><strong><em>15</em></strong></span> <span class='ocrx_word' id='word_1_315' title='bbox 903 2826 962 2849; x_wconf 82' lang='lat' dir='ltr'><strong><em>uos</em></strong></span> <span class='ocrx_word' id='word_1_316' title='bbox 1102 2815 1144 2849; x_wconf 80' lang='lat'><strong><em>27</em></strong></span> <span class='ocrx_word' id='word_1_317' title='bbox 1170 2815 1259 2850; x_wconf 72' lang='lat' dir='ltr'><strong><em>istae</em></strong></span> <span class='ocrx_word' id='word_1_318' title='bbox 1387 2815 1432 2850; x_wconf 84' lang='lat'><strong><em>28</em></strong></span> <span class='ocrx_word' id='word_1_319' title='bbox 1457 2815 1581 2849; x_wconf 78' lang='lat' dir='ltr'><strong><em>uerbus</em></strong></span> 
     </span>
     <span class='ocr_line' id='line_1_37' title="bbox 171 2868 1134 2916; baseline 0.005 -14"><span class='ocrx_word' id='word_1_320' title='bbox 171 2868 215 2902; x_wconf 84' lang='lat'><strong><em>32</em></strong></span> <span class='ocrx_word' id='word_1_321' title='bbox 240 2869 379 2904; x_wconf 84' lang='lat' dir='ltr'><strong><em>iusticia</em></strong></span> <span class='ocrx_word' id='word_1_322' title='bbox 472 2869 516 2904; x_wconf 86' lang='lat'><strong><em>33</em></strong></span> <span class='ocrx_word' id='word_1_323' title='bbox 542 2872 793 2916; x_wconf 81' lang='lat' dir='ltr'><strong><em>acceptandum</em></strong></span> <span class='ocrx_word' id='word_1_324' title='bbox 817 2884 838 2906; x_wconf 70' lang='grc' dir='ltr'><strong><em>ι·</em></strong></span> <span class='ocrx_word' id='word_1_325' title='bbox 931 2872 996 2906; x_wconf 80' lang='lat' dir='ltr'><strong><em>dco</em></strong></span> <span class='ocrx_word' id='word_1_326' title='bbox 1022 2883 1088 2906; x_wconf 84' lang='lat' dir='ltr'><strong><em>om.</em></strong></span> <span class='ocrx_word' id='word_1_327' title='bbox 1113 2883 1134 2907; x_wconf 78' lang='grc' dir='ltr'><strong><em>υ</em></strong></span> 
     </span>
    </p>
   </div>
  </div>
 </body>
</html>
