1934 3278
499 237 552 271 De
578 247 648 270 non
673 235 846 280 parcendo
871 235 907 269 in
933 234 1035 269 deum
1060 235 1358 280 delinquentibus,
1601 236 1682 279 271

182 377 232 405 ex
261 364 397 406 nihilo
428 364 470 406 et
499 363 608 417 quod
637 375 764 405 uerus
794 363 851 404 sit
879 362 1009 415 silius,
1050 362 1126 404 sed
1155 363 1301 416 utique
1334 362 1444 416 quod
1484 362 1685 405 auderent

175 433 344 475 unicum
368 432 435 475 dei
456 432 590 474 filium
622 431 825 481 confiteri,
860 430 968 484 quod
1003 431 1175 473 credere
1199 444 1243 474 se
1267 431 1533 473 adstruerent
1558 431 1683 475 Chri-

177 501 300 543 stiani
324 502 422 555 (11113
439 501 666 543 aeternitas
683 513 763 542 una
788 500 843 541 sit
858 500 989 554 patris
1013 501 1054 542 et
1074 500 1166 545 filii.
1190 501 1289 554 quia
1310 513 1393 542 11113
1413 501 1467 542 sit
1490 499 1682 549 dealitas,

177 571 275 623 quia
296 583 377 611 nna
400 569 454 611 sit
474 570 660 623 potentia
680 569 721 609 in
742 569 861 622 patre
884 569 925 609 et
946 568 1047 611 filio.
1094 570 1198 610 haec
1233 569 1506 610 execrabatur
1526 569 1684 611 Paulus

79 661 82 664 ·
142 651 159 675 ⁵
179 639 420 681 existimans
453 651 591 681 errare
624 637 905 685 Christianos;
940 638 982 678 at
1012 637 1084 679 ubi
1116 637 1364 679 inlustratus
1397 639 1462 680 est
1491 645 1564 692 per
1587 651 1681 680 eum

177 720 300 761 quem
332 708 527 761 negabat.
561 707 631 749 ubi
663 707 861 760 cognouit
903 706 954 748 de
995 707 1114 748 libris
1145 707 1279 762 Moysi
1321 708 1362 748 et
1401 707 1452 749 de
1492 708 1683 749 omnibus

175 777 471 829 prophetarum
486 776 781 824 uoluminibus,
793 774 1013 816 confestim
1030 776 1133 817 haec
1153 776 1292 830 coepit
1302 789 1409 830 quae
1425 777 1683 830 inpugnabat

177 844 413 893 defendere,
447 857 553 898 quae
587 844 749 885 scilicet
782 843 876 884 ante
909 843 1182 885 defenderent
1222 844 1284 885 illi
1317 857 1420 898 quos
1451 857 1681 898 perseque—

175 914 298 955 batur
330 926 454 967 quam
495 913 759 955 credidisset.
821 912 1010 954 ceterum
1051 912 1144 965 quis
1186 913 1273 954 tam
1314 926 1462 955 uecors
1502 914 1604 962 erat,
1637 913 1684 954 ut

126 1000 157 1025 10
177 983 277 1024 estis
308 995 384 1024 uos
410 982 574 1024 Arriani
597 982 669 1022 aut
692 981 756 1022 est
780 980 954 1022 Fotinus
977 980 1281 1031 Sirmiensium,
1315 982 1385 1035 (1111
1406 995 1506 1024 11010
1530 981 1683 1023 dicitur

178 1050 384 1100 Scotinus,
418 1052 464 1092 ut
494 1050 688 1092 crederet
717 1050 757 1090 in
792 1050 1042 1099 creaturam,
1074 1049 1115 1090 111
1140 1062 1233 1091 011111
1265 1051 1340 1104 qui
1359 1050 1493 1103 fuerit
1511 1052 1682 1104 quando

175 1133 263 1161 non
292 1119 434 1175 fuerit,
467 1120 508 1161 in
541 1132 635 1161 eum
667 1121 742 1173 qui
774 1122 940 1161 creatus
970 1120 1028 1161 sit
1057 1133 1107 1161 eoe
1137 1119 1312 1161 nihilo?
1351 1121 1525 1174 apparet
1555 1121 1684 1174 igitur

177 1190 348 1231 cunctos
395 1201 471 1231 uos
516 1201 594 1230 non
642 1188 875 1232 credentes,
923 1188 1033 1229 sicut
1078 1188 1214 1230 credit
1261 1189 1442 1230 ecclesia
1487 1189 1682 1243 gloriosa,

177 1258 323 1311 spiritu
349 1258 445 1299 duci
469 1257 658 1306 aduerso,
684 1257 734 1298 de
758 1269 838 1310 quo
857 1257 1035 1299 aduerso
1054 1257 1205 1310 spiritu
1221 1257 1391 1298 liberari
1414 1270 1492 1300 non
1511 1258 1682 1311 poteris,

78 1370 83 1378 ,
127 1337 157 1367 15
177 1327 254 1369 nisi
287 1326 517 1368 credideris
548 1339 695 1368 uerum
726 1326 845 1368 illum
879 1338 970 1368 esse
1002 1326 1138 1368 filium
1171 1326 1250 1369 dei.

234 1396 454 1438 XXVIIII.
489 1395 814 1450 Contumeliam,
847 1395 998 1449 inquis,
1029 1396 1201 1449 faciunt
1229 1396 1335 1437 mihi
1365 1397 1562 1450 episcopi.
1610 1409 1683 1438 0111

176 1466 253 1507 tibi
296 1465 488 1506 uidemur
533 1464 856 1507 contumeliosi?
916 1477 1063 1518 nempe
1111 1465 1209 1518 quia
1249 1465 1460 1507 dicamus:
1507 1467 1609 1518 quid
1650 1469 1685 1508 te

179 1534 475 1577 Christianum
494 1535 659 1588 finqis?
690 1533 847 1575 uideris
870 1533 1023 1575 etenim
1048 1546 1139 1575 esse
1162 1534 1377 1583 Arrianus,
1410 1534 1568 1576 uideris
1591 1547 1683 1576 esse

180 1603 246 1644 dei
267 1603 481 1657 religionis
503 1603 647 1644 hostis.
671 1603 765 1643 hinc
786 1601 897 1655 apud
912 1602 954 1643 te
975 1614 1021 1643 ac
1044 1603 1139 1644 tuos
1164 1615 1255 1644 esse
1271 1603 1459 1644 iniuriosi
1478 1602 1682 1644 uidemur.

126 1686 160 1709 20
180 1672 253 1713 sed
286 1672 479 1725 conspice
520 1684 639 1725 quae.
680 1671 727 1712 ut
767 1682 987 1723 ageremus
1026 1671 1209 1724 episcopi
1248 1672 1393 1713 contra
1430 1684 1506 1713 uos
1548 1671 1683 1726 lupos,

180 1741 303 1782 fuerit
333 1740 499 1782 locutus
531 1739 800 1781 beatissimus
834 1739 1068 1791 apostolus:
1115 1752 1189 1781 uos
1220 1741 1338 1781 scitis
1368 1755 1395 1781 a
1420 1743 1573 1794 prima
1603 1742 1684 1787 die,

179 1806 264 1862 qua
294 1810 510 1864 inyressus
540 1823 634 1851 sum
664 1809 832 1856 Asiam,
864 1809 1221 1861 quemadmodum
1260 1810 1474 1852 uobiscum
1512 1810 1580 1863 fui
1606 1825 1685 1863 per

179 1892 299 1920 omne
330 1882 492 1931 tempus
522 1879 708 1921 seruiens
739 1878 911 1919 domino
941 1877 989 1918 in
1019 1878 1135 1919 omni
1165 1878 1413 1920 humilitate
1432 1882 1471 1920 et
1492 1879 1685 1921 lacrimis

179 1950 215 1988 et
236 1947 591 2000 temptationibus,
615 1960 721 2000 quae
741 1945 850 1987 mihi
872 1946 1121 1987 acciderunt
1140 1946 1192 1988 ab
1213 1947 1390 1988 insidiis
1411 1947 1683 2000 Iudaeorum,

128 2028 161 2052 25
179 2016 377 2069 quomodo
407 2016 521 2058 nihil
550 2015 838 2057 subtraxerim
868 2016 921 2057 ab
941 2016 1001 2057 eis
1021 2029 1128 2069 quae
1152 2016 1283 2057 utilia
1304 2019 1447 2067 essent,
1480 2017 1684 2070 quomodo

180 2085 474 2126 renuntiarem
504 2084 625 2125 uobis
654 2087 691 2125 et
709 2084 897 2126 docerem
915 2084 1082 2137 publice
1103 2087 1142 2126 et
1154 2098 1236 2138 per
1255 2085 1399 2126 domos
1420 2086 1686 2139 testificando

179 2152 357 2195 Iudaeis
389 2156 429 2193 et
460 2152 638 2195 Graecis
668 2154 717 2194 in
748 2153 873 2195 deum
899 2154 1215 2206 paenitentiam
1245 2156 1285 2195 et
1312 2154 1438 2207 sidem
1467 2154 1517 2195 in
1547 2154 1683 2196 domi-

179 2234 283 2262 num
315 2225 504 2263 nostrum
527 2221 682 2263 Iesum.
716 2225 754 2264 et
774 2235 889 2264 nune
911 2235 997 2264 eece
1017 2223 1189 2264 uinctus
1208 2223 1366 2275 spiritu
1387 2223 1498 2264 uado
1520 2223 1682 2265 Hieru-

179 2289 324 2338 salem,
356 2304 463 2344 quae
494 2291 542 2332 in
571 2304 620 2332 ea
650 2290 759 2332 mihi
789 2293 996 2332 euentura
1015 2294 1117 2332 sunt
1138 2292 1358 2344 iynorans,
1388 2292 1478 2333 nisi
1502 2292 1683 2344 spiritus

128 2370 161 2395 ³0
181 2362 354 2401 sanctus
381 2373 459 2412 per
489 2372 651 2401 omnem
683 2360 902 2401 ciuitatem
935 2363 1197 2412 protestatur
1226 2359 1334 2401 mihi
1364 2360 1536 2401 dicens:
1580 2361 1686 2413 quia

181 2428 361 2470 uincula
392 2432 428 2470 et
461 2428 756 2471 tribulationes
786 2441 851 2469 me
880 2431 1056 2470 manent
1085 2429 1134 2470 in
1166 2429 1484 2483 Hierosolymis.
1518 2429 1588 2470 sed
1599 2442 1684 2482 pro

181 2496 316 2538 nihilo
349 2498 522 2538 aestimo
554 2498 748 2538 animam
789 2511 927 2539 meam
969 2511 1115 2538 earam
1147 2508 1233 2540 esse
1263 2497 1381 2548 mihi,
1422 2511 1551 2550 quam
1581 2511 1681 2539 eon-

316 2610 356 2644 21
386 2611 462 2644 Act.
488 2610 543 2648 20,
571 2611 701 2645 18—21

252 2724 267 2757 1
296 2724 355 2767 sit]
381 2734 447 2757 non
481 2724 527 2757 sit
552 2724 733 2758 Latinius
851 2724 870 2754 5
897 2723 941 2757 ad
1058 2725 1078 2757 6
1112 2723 1242 2768 Moysis
1270 2735 1287 2757 ι·
1403 2724 1423 2758 8
1457 2723 1686 2758 defenderant

183 2784 269 2825 fort.
364 2781 384 2813 9
402 2791 543 2815 uaecros
560 2782 601 2815 in
620 2791 762 2816 uaecors
780 2792 874 2815 corr.
895 2794 936 2815 m.
956 2781 1018 2815 alt.
1116 2781 1157 2815 19
1176 2783 1257 2825 aput
1351 2781 1395 2815 ‘20
1413 2792 1500 2826 quae
1525 2794 1552 2817 ε.
1572 2781 1592 2816 I.

183 2851 222 2884 21
252 2832 307 2884 uo·
388 2849 431 2883 26
458 2849 579 2884 docere
