1934 3278
701 276 754 310 De
779 275 918 321 regibus
943 278 1158 321 apostaticis,
1623 283 1678 326 37

173 401 406 443 seminabat
436 402 599 458 Israel,
646 401 925 445 ascendebant
963 403 1167 445 Madiam
1204 407 1242 446 et
1279 404 1479 448 Amalech
1518 409 1558 448 et
1592 406 1678 461 filii

181 468 367 512 Orientis
403 473 441 512 et
480 470 759 513 ascendebant
786 483 913 525 super
941 485 1033 513 eum
1071 474 1110 514 et
1138 473 1446 515 committebant
1483 487 1577 516 cum
1616 476 1676 516 eis

175 540 212 579 et
242 539 566 592 corrumpebant
601 539 708 592 sines
745 542 896 590 terrae,
937 552 1067 592 usque
1106 540 1209 582 dum
1237 541 1389 583 uenias
1422 541 1602 595 Gazam,
1635 546 1673 584 et

176 619 262 648 non
291 607 585 662 relinquebant
615 608 673 650 ad
702 609 839 650 uitam
864 608 963 650 huic
993 609 1133 652 Israel
1153 622 1270 651 ouem
1299 624 1374 653 nec
1393 610 1579 653 uitulum
1599 626 1674 655 nec

127 683 156 714 ⁴⁴⁵
174 675 356 718 asinum.
389 677 593 730 quoniam
622 677 710 730 ipsi
729 680 766 719 et
786 678 979 719 iumenta
998 692 1142 721 eorum
1162 678 1452 732 ascendebant,
1485 682 1523 721 et
1543 679 1675 722 taber-

174 744 333 786 nacula
363 758 444 786 sua
465 745 711 798 adferebant
731 749 768 788 et
790 747 968 788 camelos
989 759 1086 789 suos
1105 747 1312 790 ducebant
1332 750 1372 789 et
1392 747 1673 790 adueniebant

171 812 282 854 sicut
313 812 501 856 lucustae
540 814 587 855 in
625 814 911 867 multitudine,
959 816 1162 868 quoniam
1200 829 1289 858 non
1327 819 1418 858 erat
1455 829 1670 869 numerus,

173 883 209 921 et
240 881 523 924 adueniebant
551 895 678 935 super
698 885 853 925 terram
874 895 1136 936 corrumpere
1157 897 1261 927 eam,
1292 887 1329 926 et
1342 897 1514 938 pauper
1532 886 1673 939 factus

171 948 310 991 Israel
331 964 358 991 a
377 951 490 1003 facie
512 951 704 994 Madiae.
737 954 773 993 et
789 952 1078 994 clamauerunt
1097 952 1181 1006 filii
1201 952 1340 996 Israel
1370 953 1427 995 ad
1456 953 1673 996 dominum

120 1030 153 1058 ιο
171 1019 210 1058 et
236 1018 401 1071 factum
439 1022 499 1061 est
536 1033 580 1061 eo
618 1020 729 1073 quod
768 1020 1054 1062 clamauerint
1083 1020 1170 1074 filii
1200 1021 1340 1063 Israel
1368 1021 1425 1063 ad
1454 1021 1671 1063 dominum

161 1090 339 1140 propter
368 1088 577 1139 Madiam‚
616 1089 737 1130 misit
772 1089 968 1131 dominus
1004 1089 1151 1130 uirum
1183 1089 1437 1143 prophetam
1475 1089 1533 1131 ad
1559 1089 1672 1143 filios

169 1156 310 1198 Israel
340 1159 376 1198 et
407 1156 520 1198 dixit
538 1156 651 1199 illis.-
680 1156 781 1198 haec
811 1157 919 1198 dicit
937 1157 1136 1198 dominus
1166 1157 1267 1199 deus
1289 1158 1458 1201 Israel:
1488 1170 1558 1211 eyo
1577 1170 1668 1199 sum

168 1226 242 1279 qui
274 1225 438 1267 adduxi
468 1238 544 1268 uos
574 1239 623 1268 ex
647 1227 837 1280 Aeyypto
875 1229 916 1268 et
951 1226 1079 1268 eduxi
1117 1239 1193 1269 uos
1222 1227 1272 1268 de
1301 1227 1418 1268 domo
1447 1226 1668 1268 seruitutis

169 1296 206 1336 et
235 1293 392 1336 abstuli
431 1307 507 1336 uos
545 1294 595 1336 de
633 1308 765 1336 manu
803 1295 913 1348 reyis
943 1295 1125 1349 Aeyypti
1164 1298 1203 1337 et
1240 1296 1290 1337 de
1319 1307 1452 1336 manu
1483 1295 1671 1336 omnium

117 1373 150 1402 ω
161 1362 504 1415 persequentium
534 1376 623 1415 uos,
665 1366 702 1405 et
732 1363 832 1405 eieci
861 1362 957 1404 illos
987 1376 1015 1403 a
1042 1362 1152 1415 facie
1182 1366 1327 1405 uestra
1357 1366 1393 1405 et
1424 1363 1522 1405 dedi
1552 1362 1671 1404 uobis

167 1434 324 1472 terram
353 1444 504 1473 eorum.
566 1434 603 1472 et
633 1431 730 1473 dixi
759 1430 901 1473 uobis.-
938 1445 1008 1484 eqo
1038 1444 1133 1473 sum
1157 1432 1353 1474 dominus
1383 1433 1483 1474 deus
1520 1434 1667 1483 uester,

168 1513 254 1542 non
283 1500 479 1542 timebitis
509 1500 604 1542 deos
633 1499 1007 1549 Amorrhaeorum,
1043 1500 1090 1541 in
1119 1500 1269 1553 quibus
1298 1513 1374 1542 uos
1413 1501 1667 1543 inhabitatis

169 1569 215 1610 in
246 1571 359 1610 terra
389 1569 603 1622 ipsorum,
648 1572 687 1610 et
723 1581 808 1609 non
838 1567 1073 1610 exaudistis
1102 1569 1219 1610 uocis
1249 1582 1374 1610 meae.
1435 1568 1534 1622 quid
1574 1568 1668 1622 post

167 1638 271 1678 hanc
306 1637 633 1690 increpationem
666 1636 822 1678 domini
843 1636 946 1677 facit
967 1636 1235 1686 Hierobabel,
1269 1637 1338 1690 qui
1362 1636 1513 1678 dicitur
1539 1637 1664 1678 etiam

113 1715 150 1745 αὶ
169 1706 367 1749 Gedeon?
398 1718 492 1747 mox
523 1706 570 1746 ut
599 1705 816 1746 inimicum
849 1717 970 1746 suum
1001 1704 1119 1746 uidet
1145 1705 1372 1747 deductum
1394 1705 1448 1746 ad
1478 1705 1665 1755 nihilum,

166 1786 261 1816 mox
300 1775 347 1815 ut
392 1774 575 1816 uniuersi
619 1773 681 1814 illi
730 1773 959 1815 aduersarii
1007 1774 1077 1826 qui
1116 1774 1163 1815 ut
1210 1786 1336 1815 arena
1373 1774 1500 1815 maris
1538 1773 1666 1815 fuisse

165 1843 385 1884 narrantur
424 1843 520 1884 sunt
557 1842 745 1892 mactati,
790 1843 831 1883 et
862 1855 940 1883 non
971 1842 1130 1896 ingenti
1164 1855 1334 1885 numero
1365 1842 1664 1891 Israelitarum,

166 1911 240 1954 sed
271 1912 312 1953 in
342 1911 542 1953 trecentis
573 1910 688 1961 uiris,
730 1923 824 1952 mox
867 1911 914 1952 ut
947 1923 1090 1953 omnes
1120 1922 1241 1964 reges
1273 1911 1380 1952 uidit
1411 1911 1665 1965 alienigenas

163 1979 419 2026 interfectos,
449 1979 629 2022 fabricat
660 1991 753 2021 eam
782 1991 872 2020 rem
902 1991 976 2032 per
1009 1991 1134 2032 quam
1165 1979 1326 2032 possint
1355 1979 1396 2020 in
1430 1979 1555 2021 deum
1587 1978 1663 2020 de-

112 2047 349 2102 nelinquere
382 2048 458 2090 filii
489 2048 644 2096 Israeh
692 2049 734 2090 et
770 2048 913 2089 tamen
947 2047 1227 2101 quadraginta
1267 2047 1383 2089 annis
1415 2047 1542 2089 etiam
1572 2047 1666 2100 post

162 2117 326 2158 tantum
357 2117 519 2158 facinus
550 2117 821 2159 commissum
861 2128 1060 2169 regnasse
1101 2115 1167 2157 hic
1206 2115 1247 2157 in
1278 2115 1412 2157 Israel
1442 2115 1663 2157 inuenitur.

164 2197 243 2226 non
276 2185 355 2226 erit
385 2197 484 2238 ergo
515 2185 765 2236 mirandum,
808 2185 843 2226 si
880 2184 921 2225 et
950 2185 996 2225 tu
1029 2184 1260 2238 sacrilegus
1293 2184 1428 2225 adhuc
1463 2184 1592 2237 degas
1623 2183 1663 2225 in

163 2265 348 2306 corpore,
391 2253 557 2306 quando
596 2253 743 2295 uideas
778 2253 1024 2296 Gedeonem
1062 2264 1206 2306 regem
1238 2251 1517 2306 quadraginta
1548 2251 1663 2293 annis

162 2321 316 2364 uixisse
356 2322 451 2375 post
487 2321 769 2364 idololatriam
811 2322 1081 2364 commissam
1114 2333 1325 2375 regnoque
1358 2332 1432 2362 suo
1463 2319 1661 2373 potitum:

107 2390 315 2432 wetenim
349 2390 559 2444 quieuisse
591 2390 807 2432 Israelitas
842 2389 1124 2444 quadraginta
1149 2389 1265 2431 annis
1298 2401 1373 2430 nec
1398 2388 1661 2430 aduersarios

160 2458 199 2498 in
233 2471 305 2501 eos
336 2459 500 2501 omnino
533 2459 756 2512 permissos
787 2470 861 2500 nec
895 2458 1026 2499 ullum
1055 2457 1211 2499 eisdem
1244 2455 1371 2498 fuisse
1404 2456 1661 2498 dominatum

229 2663 250 2697 3
276 2663 435 2697 uenirent
462 2663 635 2697 Sabatier
769 2663 787 2695 7
815 2662 969 2695 locustae
996 2673 1014 2695 z·
1146 2661 1167 2693 9
1192 2659 1303 2694 faciae
1328 2660 1406 2702 fere
1431 2669 1570 2718 semper

161 2719 204 2754 10
229 2722 265 2754 et
288 2719 420 2754 sactum
444 2740 489 2745 —
515 2719 559 2755 ad
585 2719 761 2754 dominum
788 2730 854 2753 om.
882 2730 899 2752 r
1027 2718 1064 2751 11
1094 2716 1235 2751 madian
1354 2716 1395 2751 17
1422 2715 1526 2750 dacos
1552 2725 1665 2750 amor-

159 2787 295 2811 reorum
435 2777 477 2812 18
507 2787 628 2811 uocem
661 2788 774 2811 meam
799 2788 819 2811 z·
956 2775 1002 2808 20
1031 2774 1122 2809 uidit
1153 2774 1356 2820 Latiniusf
1387 2773 1434 2815 cs.
1466 2772 1488 2807 l.
1520 2774 1570 2807 23

158 2831 204 2866 22
229 2832 485 2867 israhelitarum
578 2833 622 2868 26
639 2833 694 2867 hic
713 2844 740 2868 s.
761 2833 781 2867 Ι.
801 2844 845 2866 m.
865 2836 881 2866 1
977 2831 1021 2865 29
1038 2841 1248 2876 regnumque
1266 2841 1364 2865 suum
1385 2832 1570 2874 exspectes

155 2888 198 2923 31
229 2890 278 2923 eis
303 2889 395 2924 idem
419 2901 439 2925 ι·
