1934 3278
292 275 377 316 234
946 273 1145 307 Luciferi

292 401 543 442 nuntiorum
573 400 843 441 Hierusalem
874 403 912 440 et
941 400 1135 441 ciuitates
1165 399 1321 448 Iudae,
1357 402 1403 440 ut
1433 400 1542 440 irent
1565 403 1665 452 post
1696 400 1798 454 leyi-

291 470 398 510 tima
436 472 598 510 exterae
636 472 770 510 terrae
813 471 851 509 et
879 467 1099 520 prohibere
1129 467 1376 509 holocausta
1408 471 1444 509 et
1474 468 1734 521 sacrificium
1763 472 1799 509 et

293 538 538 580 libationem
584 538 632 579 de
677 538 1031 592 sanctificatione,
1080 538 1374 579 contaminare
1418 536 1593 578 sabbata
1636 540 1674 578 et
1710 537 1799 578 dies

292 607 548 661 solem<ncs>
584 609 620 648 et
645 606 831 659 polluere
868 606 1243 659 sanctificationem
1275 609 1313 647 et
1342 609 1526 647 statuere
1556 605 1731 647 delubra
1763 608 1800 645 et

291 675 407 717 idola
447 679 484 716 et
522 675 740 717 immolare
774 675 1004 728 porcinam
1043 678 1080 716 et
1116 689 1271 727 pecora
1312 675 1555 716 communia
1592 678 1629 715 et
1664 674 1798 716 relin-
1838 694 1849 715 a

293 758 415 797 querc
457 743 565 797 filios
603 757 698 785 suos
736 745 1055 785 incircumcisos
1092 747 1131 785 et
1152 744 1346 796 polluere
1377 744 1549 784 animas
1580 757 1722 784 eorum
1751 743 1799 784 in

292 814 407 854 omni
439 813 717 854 immunditia
739 816 776 855 et
797 813 1117 868 abominatione,
1153 813 1217 854 ita
1238 816 1283 854 ut
1307 813 1653 854 obliuiscerentur
1675 813 1799 866 leyem

293 885 329 923 ct
361 885 573 923 mutarent
610 882 953 935 iustificationes;
997 885 1035 924 et
1065 882 1315 935 quicumque
1346 895 1432 923 non
1463 882 1623 934 fecisset
1653 894 1798 923 secun-

292 951 393 992 dum
424 951 597 991 uerbum
636 951 748 1004 reyis
787 954 1028 994 moreretur.
1080 952 1307 993 secundum
1349 951 1495 992 omnia
1533 950 1663 992 uerba
1700 950 1799 991 liaec

294 1021 416 1062 misit
445 1021 606 1072 scripta
636 1021 836 1061 uniuerso
865 1034 991 1074 regno
1023 1033 1097 1061 suo
1130 1023 1166 1061 et
1195 1021 1293 1073 fecit
1325 1020 1654 1061 consideratores
1675 1031 1800 1071 super
1821 1034 1853 1055 20

283 1091 507 1143 populum.
541 1093 577 1130 et
609 1089 838 1130 mandauit
869 1089 1114 1130 ciuitatibus
1145 1090 1259 1130 Iuda
1290 1088 1511 1130 immolare
1540 1102 1613 1140 per
1645 1088 1798 1129 ciuita-

291 1163 371 1200 tem
402 1161 437 1199 et
468 1158 697 1201 ciuitatem.
745 1161 781 1198 et
814 1159 1052 1211 conyreyati
1082 1161 1182 1199 sunt
1213 1158 1337 1199 multi
1367 1159 1416 1199 de
1441 1157 1600 1210 populo
1631 1158 1687 1198 ad
1718 1169 1795 1206 eos,

293 1228 430 1268 omnis
485 1227 776 1279 derelinquens
822 1227 969 1281 leyem,
1016 1230 1051 1267 et
1103 1227 1290 1279 fecerunt
1327 1228 1445 1268 mala
1483 1228 1531 1267 in
1578 1229 1708 1278 terra,
1758 1224 1799 1265 et

291 1296 420 1337 infra:
454 1299 491 1338 et
522 1296 856 1349 aedificauerunt
886 1296 1243 1337 abominationem
1274 1296 1545 1337 desolationis
1575 1308 1702 1348 super
1732 1295 1798 1336 al-

295 1369 385 1406 tare
434 1368 471 1406 ct
510 1365 558 1405 in
604 1364 850 1406 ciuitatibus
880 1364 997 1405 Iuda
1035 1366 1084 1405 in
1126 1365 1302 1406 circuitu
1336 1367 1585 1405 struxerunt
1622 1376 1725 1404 aras
1763 1365 1850 1403 et15

296 1436 339 1475 in
371 1434 491 1475 ostiis
521 1435 737 1476 domorum
768 1436 804 1475 et
844 1434 892 1475 in
915 1433 1075 1486 plateis
1115 1433 1403 1475 incendebant.
1457 1436 1494 1474 et
1533 1433 1662 1474 libros
1700 1431 1800 1485 leyis

291 1505 549 1544 inuenerunt
581 1506 617 1544 et
646 1504 950 1546 succenderunt
980 1505 1076 1557 ‘iyne
1108 1504 1348 1556 conscissos,
1384 1506 1422 1544 et
1452 1503 1567 1555 apud
1589 1515 1708 1554 quem
1731 1502 1799 1542 in-

293 1572 542 1613 ueniebatur
573 1572 675 1613 liber
705 1573 943 1614 testamenti
974 1577 1010 1614 et
1043 1573 1079 1614 si
1111 1573 1207 1625 quis
1238 1571 1516 1613 consentiebat
1551 1571 1653 1625 leyi,
1702 1584 1799 1611 con-

290 1642 455 1683 stitutio
491 1642 598 1694 reyis
629 1642 909 1694 interficiebat
941 1656 1047 1683 eum.
1098 1643 1146 1683 in
1188 1642 1347 1682 uirtute
1388 1654 1468 1681 sua
1498 1640 1714 1692 faciebant
1746 1639 1802 1680 ad

291 1710 430 1751 Israel
475 1709 542 1751 liis
586 1711 658 1762 qui
705 1710 1037 1752 inueniebantur
1078 1711 1127 1751 in
1170 1711 1286 1751 omni
1325 1723 1463 1751 mense
1502 1712 1539 1750 ct
1582 1722 1718 1750 mense
1753 1708 1800 1748 in
1818 1720 1851 1745 20

292 1779 565 1829 ciuitatibus;
602 1782 639 1819 et
669 1782 827 1831 quarta
858 1783 895 1820 et
926 1780 1129 1821 uicesima
1160 1780 1315 1820 mensis
1345 1778 1647 1832 sacrificabant
1677 1791 1802 1829 super

292 1861 414 1888 aram
445 1861 551 1900 quae
583 1850 674 1888 erat
705 1861 831 1900 super
862 1848 1010 1889 altare.
1043 1851 1080 1889 et
1102 1847 1300 1889 mulieres
1322 1861 1427 1900 quae
1449 1847 1800 1889 circumciderant

291 1919 414 1957 natos
445 1929 541 1957 suos
575 1916 881 1969 interficiebant
910 1917 1139 1958 secundum
1161 1920 1450 1970 praeceptum.
1492 1914 1801 1968 suspendebant

291 1985 480 2037 infantes
519 1999 546 2025 a
585 1985 816 2026 ceruicibus
856 1999 997 2026 eorum
1037 1988 1073 2026 et
1111 1986 1160 2025 in
1198 1985 1340 2026 domos
1379 1998 1521 2026 eorum
1562 1987 1600 2025 et
1630 1996 1696 2025 eos
1727 1983 1801 2035 qui

291 2053 645 2095 circumciderant
675 2067 753 2095 eos.
808 2057 847 2095 et
875 2054 999 2095 multi
1028 2055 1078 2095 in
1110 2054 1248 2095 Israel
1280 2054 1551 2095 obtinuerunt
1580 2056 1615 2093 et
1647 2053 1798 2105 confir·
1820 2062 1852 2088 25

292 2123 401 2163 mati
433 2125 531 2163 sunt
561 2123 610 2163 in
642 2123 721 2178 eis,
761 2125 808 2163 ut
837 2136 924 2164 non
956 2123 1266 2164 manducarent
1296 2122 1557 2175 communia,
1597 2125 1633 2162 et
1663 2134 1800 2162 susce-

282 2194 451 2243 perunt
488 2191 619 2244 mori,
670 2194 716 2231 ut
753 2204 838 2232 non
871 2191 1164 2243 polluerentur
1194 2192 1295 2233 escis
1326 2194 1361 2232 et
1393 2205 1480 2232 non
1510 2190 1802 2243 profanarent

293 2263 590 2301 testamentum
628 2263 838 2302 sanctum.
890 2263 928 2301 et
957 2260 1075 2312 facta
1114 2264 1171 2302 est
1208 2261 1280 2301 ira
1315 2269 1479 2314 mayna‘
1504 2273 1631 2312 super
1660 2257 1800 2300 Israel

291 2329 424 2369 nimis
463 2329 511 2369 vin
551 2329 692 2370 diebus
727 2329 828 2370 illis.
882 2332 920 2371 et
949 2330 1136 2371 surrexit
1169 2329 1412 2371 Matatliias
1441 2329 1561 2382 filius
1592 2328 1802 2370 Iohannis

293 2398 504 2440 Simeonis
535 2398 727 2439 sacerdos
754 2399 947 2452 filiorum
968 2399 1115 2441 Ioarib
1137 2399 1188 2440 ab
1210 2398 1490 2450 Hierusalem,
1524 2401 1561 2439 et
1591 2397 1690 2438 huic
1717 2396 1801 2450 filii
1821 2405 1853 2429 80

293 2468 490 2519 quinque,
524 2467 566 2508 eb
593 2466 725 2508 infra:
757 2471 794 2508 et
824 2468 1026 2509 uiderunt
1054 2468 1340 2520 blasphemias
1371 2479 1479 2519 quas
1509 2466 1726 2519 faciebant
1755 2466 1802 2506 in

292 2536 406 2576 Iuda
439 2538 477 2576 ct
506 2536 554 2576 in
587 2536 745 2588 Israel,
792 2539 828 2576 et
859 2537 995 2577 (lixits
1043 2536 1121 2577 lieu
1151 2549 1239 2591 me,
1287 2538 1334 2576 ut
1364 2536 1467 2588 quid
1509 2536 1619 2577 istud
1660 2535 1801 2587 factas

431 2661 473 2693 14
500 2660 516 2694 I
539 2660 654 2696 Maeh.
681 2661 713 2701 1,
740 2660 784 2693 54
809 2681 851 2684 ——
879 2660 911 2701 2,
937 2660 958 2693 2
1052 2661 1092 2694 31
1120 2660 1167 2695 ib.
1193 2659 1225 2700 2,
1253 2660 1284 2694 6.
1312 2660 1330 2692 7

359 2763 377 2795 4
406 2763 576 2797 solemnes
598 2775 626 2806 υ,
652 2763 760 2797 solem
784 2764 817 2798 V
943 2763 984 2796 13
1011 2773 1129 2796 omnes
1156 2762 1437 2806 derelinquentes
1468 2774 1483 2796 z·
1626 2762 1667 2795 16
1694 2761 1800 2794 osteis

291 2831 337 2853 m.
355 2824 372 2854 1
520 2821 557 2853 17
585 2821 759 2854 concissos
785 2831 830 2854 ea:
848 2820 1021 2854 conssisus
1049 2831 1141 2854 corr.
1169 2831 1211 2853 m.
1238 2822 1256 2852 1
1399 2819 1442 2851 20
1470 2817 1713 2851 inueniebatur

410 2867 418 2882 t
455 2866 502 2883 ath!

290 2887 334 2921 29
359 2889 517 2922 mathoas
547 2892 654 2931 (corr.
685 2901 725 2923 m.
755 2891 833 2932 alt.)
