1934 3278
578 285 633 320 De
658 285 779 318 sancto
803 283 999 319 Athanasio
1023 283 1113 319 liber
1135 284 1178 320 H.
1554 284 1634 327 195

129 425 206 455 uos
234 413 462 467 aqnoscitis
491 426 596 462 eum,
628 413 829 466 quoniam
858 412 1075 454 uobiscum
1104 415 1247 455 manet
1277 416 1314 455 et
1343 414 1393 456 in
1423 414 1540 457 nobis
1559 418 1632 456 cst.

131 482 205 524 sed
228 482 293 523 dic
318 495 387 524 oro
405 483 447 525 te
471 482 678 536 quomodo
699 482 832 536 possit
851 482 893 523 in
915 482 1035 524 nobis
1057 482 1247 524 habitare
1270 482 1440 536 spiritus
1463 484 1632 525 sanctus

128 550 370 604 paraclitus,
404 551 437 592 si
467 552 585 592 tuam
617 551 686 592 uel
706 551 837 605 patris
857 550 919 592 tui
940 551 1187 594 fecissemus
1207 552 1499 594 uoluntatem?
1528 552 1631 593 infra

130 619 269 668 etiam,
303 620 376 673 qui
407 620 543 673 audit,
575 620 721 674 inquit,
759 623 991 674 praecepta
1021 634 1116 663 mea
1152 624 1190 663 et
1227 621 1407 664 custodit
1441 621 1529 676 illa,
1561 621 1634 663 ille

94 705 111 730 5
127 690 187 729 est
214 689 288 741 qui
318 702 382 730 mc
413 689 570 743 diliyit.
602 690 676 743 qui
698 693 838 731 antem
859 703 923 731 me
944 690 1087 744 diliyit
1108 689 1312 744 diliqctnr
1334 703 1363 731 a
1377 693 1505 743 patre
1526 704 1628 742 meo,

127 758 165 798 ct
193 770 262 811 eqo
282 757 463 811 diliyam
483 758 610 800 illum
638 761 675 801 ct
705 759 920 801 ostendam
950 758 1021 801 illi
1051 772 1115 801 me
1138 759 1289 813 ipsum.
1321 760 1383 801 ait
1403 759 1474 801 illi
1494 758 1631 801 Iudas

127 838 215 867 non
247 826 470 869 Scarioth:
508 828 674 870 dominc
710 828 814 881 quid
849 829 1015 882 factum
1053 831 1121 877 cst.
1161 828 1273 882 quod
1310 829 1562 882 manifestas
1591 832 1630 870 te

127 894 246 937 nobis
275 898 315 937 ct
343 909 431 938 non
462 896 561 939 huic
598 897 786 939 mundo?
823 897 1043 950 respondit
1080 897 1202 939 Iesus
1241 903 1278 940 et
1315 898 1430 939 dixit
1458 898 1550 941 illi:
1595 899 1633 940 si

127 964 223 1016 quis
243 977 307 1006 mc
327 965 483 1021 diliyit,
516 978 744 1008 sermonem
765 979 903 1008 meum
925 966 1124 1008 custodiet
1142 969 1183 1008 et
1197 970 1325 1020 pater
1345 980 1461 1010 meus
1480 967 1627 1022 diliyct

77 1047 110 1073 10
127 1032 261 1086 illum,
301 1037 337 1076 et
375 1035 433 1077 ad
469 1035 594 1077 illum
632 1036 850 1078 uenie‘mus
879 1038 919 1077 ct
948 1035 1065 1089 apud
1095 1049 1189 1077 cum
1218 1037 1494 1079 manebimus.
1557 1037 1632 1089 qui

127 1114 214 1143 non
253 1116 316 1144 me
355 1103 501 1159 diliyit
539 1117 748 1147 sermones
786 1117 897 1147 meos
927 1117 1013 1147 non
1042 1105 1234 1148 custodit.
1295 1118 1344 1148 ex
1375 1106 1440 1147 his
1473 1106 1628 1148 domini

126 1172 530 1223 pronuntiationibus
562 1186 687 1228 quam
717 1173 912 1217 inimicus
933 1174 1074 1216 noster
1097 1174 1283 1216 extiteris
1304 1175 1443 1227 potest
1474 1174 1631 1216 conici:

126 1242 201 1293 qui
231 1242 353 1283 audit
383 1244 592 1286 mandata
613 1258 707 1287 mea
736 1247 776 1287 et
795 1243 973 1286 custodit
992 1243 1085 1294 illa,
1118 1243 1193 1286 ille
1213 1246 1271 1286 est
1292 1244 1365 1297 qni
1386 1257 1451 1285 me
1470 1243 1628 1298 diliqit.

127 1311 334 1364 quomodo
367 1311 562 1355 dilexisse
594 1325 669 1355 nos
704 1326 799 1355 eum
833 1313 1184 1363 monstrabamus,
1218 1312 1252 1354 si
1283 1313 1330 1353 ut
1351 1313 1397 1354 tu
1428 1312 1629 1354 mandata

75 1390 106 1415 15
127 1378 214 1420 eius
246 1380 538 1424 calcaremus?
588 1382 757 1424 calcans
789 1395 833 1424 es
865 1382 1020 1424 etenim
1052 1381 1262 1424 dominica
1291 1380 1505 1431 mandata,
1537 1393 1633 1423 cum

126 1459 232 1500 quae
262 1447 335 1490 ille
367 1451 527 1492 seruari
559 1451 741 1492 sanxerit
777 1451 823 1493 tu
865 1463 946 1493 non
984 1451 1148 1492 tantum
1188 1462 1268 1492 non
1301 1462 1393 1491 esse
1426 1450 1634 1491 seruanda

124 1517 312 1567 mandes,
345 1519 419 1560 sed
443 1520 485 1560 et
504 1520 642 1573 ipsum
663 1519 808 1574 negari
823 1519 1070 1573 praecipias.
1105 1520 1178 1560 aut
1194 1518 1403 1572 quomodo
1423 1530 1491 1560 me
1513 1519 1633 1572 pater

124 1585 268 1639 ipsius,
309 1589 529 1641 propterea
568 1589 679 1642 quod
718 1588 976 1631 seruauerim
1006 1587 1208 1630 mandata
1237 1587 1314 1628 filii
1346 1587 1449 1638 eius,
1491 1599 1630 1629 amare

125 1655 291 1708 poterit,
325 1656 358 1697 si
391 1656 586 1698 damnem
615 1657 910 1699 innocentem?
970 1656 1074 1698 dicit
1102 1656 1215 1698 filius
1247 1656 1336 1697 dei:
1373 1656 1413 1698 si
1443 1657 1541 1709 quis
1568 1669 1634 1698 mc

74 1738 108 1763 20
125 1723 283 1778 diliqit,
314 1738 544 1768 sermonem
574 1739 711 1768 meum
742 1727 955 1777 custodiet,
987 1728 1026 1767 ct
1041 1729 1168 1778 pater
1189 1738 1305 1768 meus
1323 1725 1472 1779 diliqet
1492 1723 1631 1772 illum,

124 1795 161 1834 et
191 1793 248 1835 ad
278 1793 403 1836 illum
432 1795 648 1837 uenicmus
678 1798 717 1837 et
747 1795 864 1848 apud
894 1809 986 1837 eum
1017 1794 1280 1837 manebimus
1290 1809 1303 1846 ,·
1349 1794 1391 1835 et
1428 1794 1475 1835 tu
1508 1793 1628 1843 dicis,

127 1874 224 1905 esca
254 1863 375 1918 ignis,
409 1864 623 1917 apostata:
665 1864 868 1906 damnate
904 1864 1183 1906 innocentem.
1245 1875 1326 1917 quo
1363 1874 1516 1916 genere
1556 1862 1622 1903 dei

124 1930 300 1986 diligere
338 1932 496 1974 inuenti
535 1931 759 1974 fuissemus
796 1932 952 1983 filium,
998 1932 1032 1973 si
1071 1932 1216 1974 contra
1253 1930 1456 1973 mandata
1492 1930 1624 1984 ipsius

123 1999 409 2054 iugularemus
431 2001 567 2043 uirum
599 2001 784 2043 iustum?
816 2000 1024 2054 quomodo
1054 2000 1146 2042 fieri
1165 2000 1345 2054 poterat,
1365 2000 1413 2041 ut
1435 1999 1631 2053 diligeret

74 2079 107 2104 2⁵
124 2081 198 2110 nos
218 2070 339 2122 pater
361 2071 403 2111 et
423 2071 614 2112 uenirent
635 2072 754 2124 pater
776 2072 818 2113 et
838 2071 950 2112 filius
973 2071 1015 2112 et
1030 2070 1257 2112 mansitare
1275 2069 1436 2123 dignati
1453 2069 1631 2111 fuissent

124 2136 165 2179 in
197 2138 328 2188 nobis,
361 2138 396 2180 si
426 2138 715 2181 rescindentes
747 2139 903 2181 domini
933 2139 1134 2180 mandata
1164 2139 1239 2180 tua
1274 2137 1470 2191 sacrilegi
1501 2149 1627 2190 prae-

124 2207 246 2259 cepta
277 2206 613 2250 custodiremus?
653 2208 861 2262 conspice,
896 2207 1129 2258 Constanti,
1161 2206 1330 2248 inuidus
1358 2205 1432 2247 ille
1464 2206 1626 2246 amator

123 2275 222 2317 tuae
252 2276 482 2319 uoluntatis
523 2277 714 2319 diabolus
754 2289 777 2319 a
808 2277 922 2331 quali
962 2289 1035 2319 nos
1072 2276 1211 2331 gloria
1248 2287 1322 2329 per
1350 2275 1394 2315 te
1426 2274 1623 2316 clientem

126 2355 246 2386 suum
277 2345 433 2398 pellere
454 2345 738 2399 temptauerit,
770 2346 848 2387 nisi
879 2345 998 2388 nobis
1030 2344 1185 2387 domini
1218 2342 1460 2385 subueniret
1479 2341 1627 2395 pietas,

75 2414 172 2455 ³⁰ut
200 2415 242 2456 te
274 2414 357 2456 iam
398 2427 476 2456 non
508 2415 732 2465 hominem,
781 2427 905 2468 quem
945 2414 1048 2455 deus
1088 2412 1188 2454 fecit
1229 2411 1282 2453 ad
1321 2410 1547 2463 imaginem
1587 2412 1629 2451 et

125 2482 440 2525 similitudinem
474 2495 605 2527 suam.
639 2482 713 2525 sed
744 2495 918 2524 caenum
943 2494 1034 2523 esse
1057 2482 1239 2523 omnium
1262 2480 1502 2521 cloacarum
1524 2491 1627 2520 con-

259 2643 280 2675 4
306 2642 375 2678 Iob.
405 2643 458 2683 14,
484 2642 620 2676 21-24
716 2641 758 2676 13
782 2641 830 2676 ib.
857 2642 911 2681 14,
937 2640 979 2674 21
1076 2641 1119 2675 19
1145 2640 1191 2675 ib.
1220 2640 1273 2682 14,
1300 2639 1344 2674 23

194 2777 237 2811 10
261 2779 346 2821 aput
454 2778 493 2812 11
520 2756 636 2812 cus&
775 2778 816 2811 14
841 2776 1120 2812 monstrabamur
1143 2777 1233 2818 sort.
1373 2777 1415 2811 15
1439 2786 1516 2811 cum
1541 2786 1629 2820 quae

125 2834 272 2879 scripsi,
297 2844 440 2879 cumque
469 2837 504 2872 V
609 2836 651 2870 16
676 2836 849 2871 sancxerit
958 2835 1000 2869 18
1025 2837 1112 2879 quot
1218 2834 1258 2868 21
1287 2836 1371 2878 aput
1480 2843 1558 2868 eum
1589 2834 1626 2868 V.

124 2904 220 2939 illum
246 2916 265 2941 v
358 2903 402 2938 30
426 2888 487 2940 {te
518 2907 558 2946 V,
583 2908 619 2940 te
647 2908 728 2950 (om.
753 2908 805 2949 ut)
834 2917 851 2940 υ
