1934 3278
294 187 377 230 280
942 187 1144 221 Luciferi

294 313 563 367 euanyeliurn
602 314 712 366 quod
750 325 839 354 uon
886 315 944 354 est
983 312 1127 365 aliud,
1167 313 1255 354 nisi
1293 315 1392 354 sunt
1435 313 1574 366 aliqui
1612 315 1685 367 qui
1723 328 1798 356 uos

294 382 546 424 conturbant
577 384 616 423 et
646 381 800 423 uolunt
830 385 1069 424 conuertere
1100 382 1368 436 euauyelium
1400 381 1571 424 Christi.
1604 383 1673 425 sed
1704 383 1799 425 licet

295 464 372 492 nos
403 453 481 493 aut
510 451 688 505 aiiyelus
718 450 768 492 de
798 451 911 492 caelo
943 451 1304 505 euangelieauerit
1330 454 1634 504 praeterquam
1664 465 1797 493 euari-

292 519 574 573 9eli2auimus
607 518 737 572 uobis,
769 518 997 560 anathema
1027 519 1095 560 sit.
1142 519 1253 561 sieut
1272 519 1586 572 praediximus,
1619 523 1656 561 et
1685 533 1800 561 nune

294 589 448 630 iterum
479 589 593 630 dieo:
625 588 662 629 si
683 588 779 640 quis
800 587 917 629 uobis
940 587 1268 629 aduuutiauerit
1288 601 1415 640 quam
1436 589 1547 640 quod
1568 588 1798 641 accepistis,

294 657 527 699 anathema
557 658 621 698 sit.
681 656 721 697 et
759 656 805 696 tu
846 656 1059 698 arbitraris
1098 655 1212 697 aliud
1242 669 1364 710 posse
1395 657 1437 698 te
1469 657 1646 698 iudicari
1680 670 1703 698 a
1733 670 1799 698 me

295 727 374 768 nisi
408 726 629 768 anathema
652 738 756 775 esse,
791 738 884 766 cum
916 725 1125 766 inueniam
1156 727 1197 766 te
1223 726 1342 766 aliter
1365 726 1653 778 euangelizare
1677 738 1799 779 quam

294 795 559 837 tradiderunt
589 795 703 837 beati
726 795 914 848 apostoli.
968 807 1061 835 cum
1094 795 1235 848 itaque
1266 795 1385 836 audis
1419 808 1442 836 a
1471 808 1538 836 me
1566 795 1676 848 quod
1700 808 1801 835 ana-

295 865 439 906 thema
470 865 648 906 habeam
687 865 729 905 te
763 864 1121 917 euangelizantem
1156 864 1275 905 aliter
1307 877 1430 917 quam
1464 864 1802 917 euangelizarunt

297 933 488 985 apostoh',
523 934 556 975 si
590 933 705 974 dicas
737 945 804 973 me
835 932 1095 982 iniuriosum,
1129 932 1295 974 mentiri
1326 933 1368 973 te
1402 945 1676 986 cognoscere⁷
1713 933 1798 988 <31>

297 1002 457 1054 aliquid
481 1015 523 1043 es
547 1002 724 1043 hominis
747 1002 931 1055 gestans,
959 1001 1122 1054 poteris7
1148 1001 1355 1054 siquidem
1377 1001 1522 1042 uideas
1544 1001 1619 1043 tibi
1641 1014 1707 1042 me
1733 1002 1801 1042 id-

297 1070 407 1111 circo
449 1070 586 1112 dicere
631 1071 875 1121 anathema,
924 1071 1022 1123 quia
1063 1071 1147 1111 iam
1188 1071 1336 1112 beatus
1380 1070 1592 1123 apostolus
1623 1071 1665 1111 te
1700 1083 1801 1111 ana-

295 1139 648 1181 thematizauerit.
682 1140 927 1181 iniuriosum
959 1152 1025 1180 me
1047 1139 1224 1190 iudicas,
1260 1140 1358 1192 quia
1382 1140 1520 1181 dicam
1540 1140 1583 1180 te
1606 1140 1801 1182 stultum:

299 1208 371 1248 sed
406 1209 611 1261 quomodo
643 1210 787 1262 potero
819 1209 933 1250 recte
968 1222 991 1250 a
1012 1209 1054 1249 te
1077 1208 1301 1250 iniuriosus
1323 1209 1479 1259 uocari,
1513 1209 1677 1261 quando
1701 1222 1803 1250 con-

298 1274 383 1316 stet
412 1287 479 1316 me
511 1288 657 1316 uerum
692 1276 830 1316 dicere
864 1275 973 1328 quod
1006 1275 1115 1315 enim
1138 1275 1194 1316 sis
1218 1275 1401 1317 stultus?
1434 1276 1468 1316 si
1493 1277 1601 1318 enim
1626 1278 1803 1320 Galatae

299 1344 472 1385 audiant
510 1359 531 1386 0
563 1345 682 1386 stulti
718 1347 899 1386 Galatae
934 1357 957 1385 a
987 1344 1110 1385 beato
1144 1344 1345 1397 apostolo,
1380 1357 1454 1385 cur
1485 1346 1606 1399 putes
1642 1347 1688 1387 tu
1726 1359 1803 1387 11011

299 1413 417 1454 stulti
461 1413 612 1455 debere
655 1414 697 1454 te
736 1414 901 1455 nomine
943 1413 1155 1454 uocitari?
1206 1413 1267 1453 1111
1309 1414 1462 1454 etenim
1505 1414 1538 1455 si
1584 1415 1804 1468 propterea

299 1483 410 1535 quod
441 1482 557 1524 falsis
589 1483 786 1524 fratribus
819 1483 1191 1535 obtemperassent,
1227 1482 1324 1535 quia
1357 1482 1410 1523 ad
1440 1482 1607 1524 illorum
1634 1496 1804 1525 conser-

297 1552 560 1604 pentinorum
599 1552 766 1593 tuorum
805 1551 1097 1605 suggestiones
1134 1551 1399 1593 intendentes
1434 1552 1475 1592 et
1507 1553 1682 1594 sabbata
1715 1566 1804 1594 ser-

299 1633 399 1661 uare
443 1634 486 1662 se
528 1621 760 1674 oportuisse
810 1621 850 1662 et
897 1620 1262 1661 circumcisionem
1308 1621 1437 1662 fuisse
1485 1621 1804 1663 custodiendam

299 1691 569 1740 censuerant,
612 1691 708 1731 sunt
741 1690 859 1731 stulti
893 1689 1016 1739 dicti,
1058 1689 1212 1742 quanto
1252 1689 1386 1742 magis
1418 1691 1464 1730 tu
1497 1690 1620 1743 digne
1655 1690 1805 1731 diceris

300 1759 466 1810 stultus,
501 1760 571 1813 qui
603 1760 713 1800 unici
747 1760 813 1800 dei
845 1759 921 1800 filii
954 1759 1128 1812 negator
1161 1758 1368 1799 extiteris!
1409 1759 1506 1811 quia
1539 1758 1676 1799 dicam
1707 1759 1805 1800 tibi:

300 1829 412 1881 eripe
445 1832 481 1870 te
512 1843 540 1871 a
571 1829 750 1871 cambus
780 1829 946 1871 rabidis
976 1829 1210 1883 Arrianis,
1251 1828 1342 1869 dole
1382 1828 1457 1869 tibi
1496 1828 1603 1880 quod
1633 1828 1803 1869 illorum

300 1898 490 1952 vialique
522 1898 729 1940 haerendo
760 1898 935 1939 concilio
966 1901 1003 1938 et
1033 1898 1122 1949 ipse
1154 1897 1274 1938 cauis
1304 1898 1444 1950 faetus
1472 1898 1546 1949 sis,
1585 1897 1804 1938 contuma-

301 1978 391 2006 cem
424 1979 490 2007 me
525 1966 650 2014 dicis3
700 1967 774 2007 sed
805 1966 994 2007 fortassis
1026 1966 1195 2018 ignoras
1227 1965 1339 2006 unici
1373 1965 1440 2007 dei
1471 1965 1547 2006 filii
1585 1966 1806 2018 negatores

302 2033 437 2075 dictos
469 2047 616 2085 canes,
662 2035 797 2075 dictes
828 2035 971 2075 tauros
1003 2034 1202 2087 pingues,
1247 2034 1380 2075 dictos
1412 2034 1521 2075 filios
1559 2034 1804 2087 iniquitatis,

302 2115 443 2144 semen
485 2104 721 2144 adulterum
762 2103 802 2144 et
840 2103 1093 2151 meretricis,
1141 2103 1249 2144 filios
1289 2103 1534 2155 perditionis
1578 2103 1619 2143 et
1665 2116 1804 2143 semen

301 2171 472 2215 inicum.
510 2173 544 2214 si
576 2173 682 2225 fugit
712 2174 754 2213 te
786 2172 846 2213 ita
878 2172 1085 2213 uocitatos
1118 2185 1192 2213 uos
1226 2185 1249 2212 a
1282 2172 1371 2222 deo,
1407 2172 1503 2213 audi
1534 2184 1607 2225 per
1637 2172 1806 2213 Esaiam

302 2240 438 2293 ipsum
471 2241 679 2282 dicentem
703 2241 755 2282 ad
779 2241 1140 2294 comblasphemos
1162 2241 1257 2283 tuos
1281 2241 1482 2283 Iudaeos:
1516 2242 1692 2284 accedite
1714 2241 1807 2295 huc,

441 2390 482 2424 16
509 2390 585 2424 Gal.
611 2390 643 2431 3,
673 2391 687 2423 1
787 2390 829 2424 29
858 2390 915 2424 Es.
943 2390 997 2430 57,
1025 2390 1055 2424 3.
1083 2390 1103 2422 4

374 2528 390 2560 1
420 2530 503 2572 quot
597 2528 684 2562 aliut
789 2528 809 2560 5
835 2528 931 2562 aliud
957 2529 1221 2563 annunciauerit
1245 2540 1265 2563 i·
1311 2574 1315 2578 .
1375 2529 1395 2562 6
1422 2528 1508 2562 aliut
1619 2528 1637 2560 7
1664 2527 1809 2561 anathe-

304 2609 396 2631 mam
503 2598 545 2631 10
571 2598 600 2632 si
626 2598 712 2632 add.
741 2598 856 2632 Coleti
966 2599 1005 2632 11
1034 2609 1069 2632 es
1095 2610 1162 2632 om.
1187 2610 1207 2632 v
1311 2580 1426 2630 ¹dcirco
1535 2597 1577 2629 14
1602 2597 1717 2631 rectae

306 2666 347 2699 15
373 2647 504 2699 umerum
530 2670 570 2709 (¹¹²
594 2679 639 2701 m.
665 2667 745 2710 alt.)
853 2667 1017 2711 galathae
1044 2668 1099 2701 bis
1211 2666 1256 2699 20
1281 2665 1538 2700 circumcisione
1641 2665 1683 2697 24
1710 2665 1806 2698 mali-

304 2733 409 2766 gnum
440 2725 479 2762 Vy
506 2724 736 2774 malignorum
761 2724 868 2768 fort.;
894 2724 939 2766 ef.
962 2735 1000 2767 p.
1019 2726 1101 2767 281,
1128 2726 1172 2757 14
1192 2727 1225 2756 et
1242 2725 1290 2756 24
1384 2722 1426 2754 27
1445 2721 1507 2754 filii
1601 2720 1643 2754 28
1661 2720 1751 2763 fugit
1770 2724 1806 2754 tc

302 2792 450 2835 scripsi,
478 2774 588 2835 fugite
616 2793 645 2835 (³¹
672 2798 682 2810 ¹
708 2794 771 2828 alt.
802 2795 859 2836 m.)
893 2794 932 2828 V.
960 2793 1081 2836 fugitis
1110 2804 1138 2833 r,
1165 2792 1256 2836 fugis
1282 2792 1375 2826 coni.
1404 2791 1585 2825 Latinius

1823 946 1855 971 10

1825 1288 1856 1313 15

1825 1638 1860 1662 20

1826 1978 1858 2003 25
