1934 3278
647 276 700 310 De
725 277 847 310 sancto
870 275 1064 310 Athanasio
1088 275 1178 310 liber
1201 276 1226 310 I.
1607 275 1686 318 105

194 403 233 443 et
261 400 423 442 Arabes
452 399 695 453 adferebant
724 398 792 441 illi
822 400 970 442 arietes
1005 401 1150 442 maium
1190 403 1341 453 septem
1371 400 1497 442 milia
1526 401 1684 454 septim-

192 471 344 522 9entos.
382 470 422 510 et
449 470 542 509 erat
570 468 738 521 Iosafat
757 467 980 509 ambulans
1000 469 1298 522 maynificatus
1318 481 1446 521 usque
1466 470 1515 510 in
1535 469 1682 511 altum.

195 536 293 590 quid
323 536 368 577 tu
399 535 484 577 tale
515 534 647 577 facis?
707 548 854 589 nempe
892 536 1043 577 misisti
1081 549 1154 590 per
1191 549 1310 578 omne
1348 548 1521 589 regnum
1551 538 1683 580 tuum.

192 606 239 646 ut
277 604 415 645 cuncti
453 604 653 645 mandata
692 603 760 645 dei
801 603 1097 657 despueremus
1137 605 1522 659 susciperemusque
1561 618 1684 658 prae-

159 674 360 726 sceptum
390 673 522 722 tuum,
564 672 674 726 quod
705 672 931 725 temptaret
959 673 1186 727 inpugnare
1219 673 1373 715 domini
1403 674 1683 726 praeceptum.

190 741 391 794 Iosaphat
427 740 542 782 misit
577 741 784 793 principes
814 740 982 782 uirtutis
1012 741 1129 794 regni
1162 741 1239 791 sui,
1283 741 1398 782 misit
1427 741 1685 784 consiliarios

192 822 301 859 suos,
334 809 448 850 misit
477 809 630 850 leuitas
653 821 700 850 ac
732 808 887 850 domini
920 809 1171 859 sacerdotes,
1203 810 1439 860 obsecrans,
1470 810 1517 851 ut
1547 810 1685 851 cuncti

192 878 376 919 cultores
409 877 566 918 domini
595 877 773 919 fuissent
809 877 850 918 in
888 889 1016 931 regno
1057 890 1143 927 suo,
1190 878 1237 918 ut
1275 890 1416 920 omnes
1454 879 1685 921 unianimes

192 946 270 988 deo
300 947 465 988 tantum
497 947 631 988 semet
667 947 914 1000 praeberent
953 946 1150 995 famulos;
1196 947 1328 988 mittit
1366 947 1492 988 etiam
1532 947 1684 989 librum

140 1028 172 1054 10
191 1027 336 1057 sacrae
365 1015 473 1069 legis
510 1028 583 1069 per
612 1015 841 1069 gloriosum
878 1015 1048 1070 Moysen
1087 1016 1303 1066 traditum,
1343 1016 1389 1057 ut
1429 1016 1530 1057 nihil
1570 1017 1684 1057 extra

189 1084 386 1125 fecissent
431 1097 555 1137 quam
601 1097 706 1138 quae
751 1084 842 1126 fieri
880 1084 1123 1126 mandasset
1169 1084 1282 1126 deus.
1342 1085 1388 1125 tu
1430 1097 1507 1126 non
1548 1084 1682 1126 solum

190 1152 327 1206 legem
361 1152 515 1194 domini
547 1153 746 1194 inueniris
767 1153 1031 1206 inpugnasse,
1064 1165 1170 1206 quae
1191 1153 1404 1206 praecepit
1423 1153 1684 1194 innocentem

191 1222 233 1262 et
263 1221 416 1262 iustum
449 1233 527 1262 non
571 1221 817 1270 necandum,
867 1221 940 1262 sed
982 1222 1023 1262 et
1061 1221 1196 1274 ipsum
1235 1221 1506 1274 dereliquisse
1548 1221 1684 1271 deum,

191 1289 397 1342 siquidem
420 1302 497 1330 non
522 1290 578 1331 sis
603 1290 874 1343 apostolicam
894 1291 1040 1331 tenens
1063 1290 1203 1340 fidem,
1227 1290 1301 1331 sed
1323 1290 1432 1331 Arrii
1453 1290 1682 1343 perfidiam.

139 1357 259 1398 151110
277 1357 474 1410 populum
497 1359 702 1399 errantem
727 1358 777 1400 ab
800 1358 923 1400 idolis
946 1358 1153 1399 conuertit
1174 1358 1227 1399 ad
1251 1358 1388 1408 deum,
1419 1360 1465 1399 tu
1486 1359 1684 1412 populum

189 1425 266 1467 deo
298 1425 483 1467 dicatum
513 1427 687 1468 conatus
726 1439 770 1467 es
801 1427 938 1468 faeere
978 1427 1225 1480 apostatam,
1272 1427 1382 1480 quod
1424 1439 1467 1469 es
1506 1428 1565 1473 tu,
1606 1428 1682 1469 1100

186 1494 252 1535 est
282 1494 523 1548 sacrilegus.

243 1563 400 1604 XXIII.
444 1563 693 1604 Persecutus
733 1575 776 1604 es
816 1563 939 1616 atque
969 1563 1231 1616 persequeris
1263 1564 1551 1613 Athanasium,
1595 1565 1683 1606 eius

188 1631 331 1673 sitiens
362 1643 566 1673 cruorem.
627 1631 701 1672 sed
733 1631 829 1672 uide
861 1631 961 1684 quid
992 1631 1162 1684 spiritus
1193 1632 1362 1673 sanctus
1382 1631 1495 1673 dicat
1514 1633 1554 1674 in
1578 1646 1683 1675 nono

136 1714 170 1739 ευ
186 1699 360 1753 psalmo,
400 1699 440 1740 in
481 1711 561 1753 quo
599 1700 644 1740 tu
683 1699 784 1740 mihi
822 1699 1061 1753 specialiter
1101 1700 1333 1753 descriptus
1373 1712 1464 1742 esse
1504 1701 1681 1744 uideris:

185 1769 299 1810 dixit
327 1769 374 1809 in
404 1768 520 1810 corde
548 1781 650 1810 suo:
679 1781 764 1810 non
793 1769 985 1811 mouebor
1015 1783 1043 1810 a
1071 1769 1236 1811 saeculo
1266 1770 1315 1811 in
1344 1770 1559 1812 saeculum
1588 1772 1678 1814 sine

188 1836 312 1879 malo.
344 1837 463 1878 cuias
495 1849 538 1878 os
567 1837 858 1880 maledictione
872 1837 1049 1890 plenum
1069 1841 1128 1880 est
1149 1841 1189 1880 et
1206 1839 1497 1881 amaritudine
1517 1843 1555 1881 et
1574 1840 1678 1895 dolo,

185 1906 261 1948 sub
292 1906 444 1959 linqua
473 1906 561 1947 eius
591 1906 711 1948 labor
739 1909 779 1949 et
798 1906 925 1949 dolor.
973 1907 1082 1949 sedet
1100 1908 1148 1949 in
1169 1907 1340 1949 insidiis
1361 1920 1455 1949 eum
1474 1908 1678 1951 diuitibus

187 1974 234 2016 in
264 1974 449 2027 occultis,
481 1977 530 2016 ut
557 1975 789 2029 interliciat
817 1976 1090 2018 innocentem.
1140 1976 1251 2018 oculi
1272 1977 1362 2018 eius
1388 1977 1438 2018 in
1449 1991 1681 2030 pauperem

136 2054 168 2079 2⁵
187 2044 432 2096 respiciunt.
492 2044 730 2087 insidiatur
759 2045 807 2086 in
839 2045 1036 2087 absconso
1066 2046 1175 2087 sicut
1206 2045 1267 2087 leo
1300 2045 1346 2086 in
1366 2045 1567 2098 spelunca
1587 2058 1679 2088 sua.

187 2112 421 2153 insidiatur
450 2115 498 2153 ut
524 2113 674 2166 rapiat
695 2127 940 2166 pauperem,
979 2127 1126 2166 rapere
1160 2127 1404 2166 pauperem
1445 2114 1572 2156 donec
1603 2115 1681 2156 ad-

186 2180 314 2222 ducat
343 2194 436 2222 eum
474 2182 522 2222 in
551 2183 863 2225 conuersatione
904 2195 996 2224 sua.
1058 2183 1106 2224 in
1145 2182 1289 2236 laqueo
1326 2195 1398 2224 suo
1434 2182 1681 2224 humiliauit

186 2262 292 2303 eum,
323 2249 556 2291 inclinauit
583 2262 625 2292 se
654 2253 692 2292 et
720 2251 853 2305 cadet,
884 2251 985 2292 dum
1015 2251 1261 2293 dominatur
1284 2264 1536 2304 pauperum.
1567 2251 1682 2293 dixit

189 2318 234 2359 in
263 2318 382 2360 corde
410 2330 509 2359 suo:
539 2318 688 2360 oblitus
717 2322 777 2361 est
804 2320 915 2370 deus,
949 2320 1105 2361 auertit
1121 2320 1276 2372 faciem
1298 2332 1433 2373 suam,
1466 2333 1516 2360 ne
1536 2320 1681 2361 uideat

133 2395 167 2421 ⁸0
186 2398 313 2439 usque
343 2387 390 2427 in
419 2387 560 2439 finem.
622 2400 673 2428 an
713 2387 747 2429 si
787 2388 829 2429 in
867 2389 944 2430 hac
985 2388 1321 2442 perseueraueris
1358 2387 1554 2440 nequitia,
1601 2400 1679 2429 non

188 2454 266 2495 erit
296 2454 378 2496 dici
411 2454 581 2508 dignum
613 2456 663 2497 de
694 2457 760 2498 te:
792 2458 948 2498 auertit
975 2458 1129 2510 faciem
1148 2470 1283 2508 suam,
1314 2471 1367 2498 ne
1387 2457 1532 2498 uideat
1551 2468 1680 2509 usque

187 2523 234 2563 in
261 2524 423 2576 finem?
482 2525 600 2565 tanta
630 2526 726 2566 sunt
755 2525 900 2566 funera
920 2527 1006 2575 tua,
1040 2525 1270 2573 Constanti,
1303 2525 1363 2574 ut,
1396 2537 1491 2565 011111
1523 2524 1675 2565 dicitur

323 2636 363 2670 21
393 2636 450 2670 Ps.
476 2637 508 2677 9,
534 2637 669 2671 27-32
696 2639 762 2681 (10,
788 2638 914 2679 6-11)

256 2751 272 2784 1
299 2753 432 2795 septem
457 2751 486 2785 si
590 2751 611 2784 4
637 2762 959 2813 susceperemusque
985 2764 1028 2786 m.
1055 2755 1072 2786 1
1191 2752 1212 2785 5
1236 2734 1366 2787 teiaret
1388 2755 1414 2794 (Ρ
1440 2763 1484 2786 m.
1502 2753 1586 2795 rec.)

187 2818 230 2854 13
254 2817 500 2863 derelinquisse
596 2820 638 2854 15
662 2819 707 2874 ad
732 2820 760 2861 θ’
786 2832 829 2853 m.
856 2823 939 2863 rec.)
1037 2820 1077 2854 18
1102 2823 1156 2854 est
1180 2831 1225 2854 m.
1252 2823 1269 2854 1
1409 2819 1451 2853 27
1477 2818 1675 2854 humiliabit

187 2887 275 2914 eum,
300 2874 486 2910 inclinabit
508 2877 595 2919 fort.
