1934 3278
427 283 480 317 De
509 293 578 317 non
603 281 776 328 parcendo
802 282 839 316 in
864 281 966 317 deum
992 281 1287 326 delinquentibus.
1530 282 1609 325 241

108 413 207 454 dum
237 409 346 453 zelat
373 410 507 453 zelum
539 409 652 464 leyis,
683 412 836 463 raptus
866 411 923 451 est
954 408 1012 450 ad
1042 408 1217 451 caelum.
1250 408 1470 461 Ananias,
1499 408 1611 451 Aza-

107 482 198 523 rias
219 483 256 522 et
278 479 468 522 Misahel
488 479 695 521 credentes
719 478 885 521 liberati
905 481 1007 520 sunt
1036 478 1085 520 de
1115 478 1308 530 flamma.
1343 476 1535 520 Danihel
1564 477 1613 519 in

106 563 185 592 sua
215 550 489 602 simplicitate
519 548 723 590 liberatus
753 551 814 590 est
842 548 890 590 de
921 561 989 589 ore
1026 547 1204 589 leonum.
1256 550 1294 589 et
1331 547 1396 588 ita
1434 547 1612 601 coyitate

103 633 180 673 per
207 620 521 674 yenerationem
553 621 590 660 et
621 618 950 674 yeuerationem,
999 617 1102 670 quia
1144 629 1286 659 omnes
1325 616 1399 669 qui
1438 617 1613 669 sperant

72 690 154 733 sin
185 702 278 731 eum
310 701 394 730 non
424 687 772 741 infirmabuntur.
824 690 862 729 et
898 701 926 728 a
964 686 1102 728 uerbis
1131 686 1222 727 uiri
1253 685 1488 740 peccatoris
1527 696 1613 726 non

107 757 357 807 timueritis,
397 757 500 810 quia
529 755 672 810 9loria
703 756 794 797 eius
824 756 871 796 in
902 758 1078 797 stercore
1109 757 1148 795 et
1177 767 1346 796 uer-mes.
1394 753 1512 795 hodie
1542 766 1612 795 ex·

108 826 282 877 tollitur,
330 838 425 868 cras
466 839 553 867 non
593 825 848 878 inuenietur,
895 824 998 877 quia
1029 835 1257 865 conuersus
1287 825 1347 864 est
1375 823 1424 864 in
1455 825 1614 864 terram

104 909 227 938 suam
259 898 299 937 et
328 895 525 949 coyitatio
557 895 648 935 eius
671 893 843 947 peribit.
895 892 995 946 filii,
1029 892 1331 945 confortamini
1362 895 1399 933 et
1423 905 1612 945 praeua-

105 964 179 1006 lete
210 964 255 1005 in
288 963 385 1018 leye,
416 965 519 1017 quia
551 965 598 1005 in
630 964 728 1017 ipsa
756 963 930 1017 yloriosi
950 963 1082 1004 eritis.
1116 965 1155 1004 et
1173 974 1258 1003 ecce
1280 960 1458 1016 Symeon
1478 962 1614 1015 frater

54 1049 86 1074 10
103 1038 257 1089 uester,
305 1035 390 1076 scio
421 1035 532 1087 quod
564 1034 634 1075 uir
663 1033 834 1075 consilii
865 1036 950 1086 est;
1002 1032 1123 1074 illum
1165 1032 1329 1086 audite,
1377 1032 1466 1085 ipse
1497 1030 1613 1073 uobis

96 1107 224 1158 pater
253 1103 345 1146 erit.
398 1106 434 1144 ct
465 1103 601 1144 Iudas
634 1101 926 1144 Machabacus
967 1102 1094 1152 fortis
1132 1102 1298 1144 uiribus
1337 1115 1365 1142 a
1394 1101 1614 1142 iuuentute

102 1187 180 1216 sua
212 1173 268 1214 sit
298 1173 413 1214 uobis
441 1171 706 1225 principalis
738 1171 938 1222 militiae,
987 1175 1024 1213 et
1063 1171 1322 1225 expuynabit
1359 1169 1525 1212 bellum.
1576 1170 1615 1211 et

103 1242 317 1284 adducetis
349 1242 406 1284 ad
436 1255 508 1283 uos
540 1255 680 1283 omnes
711 1240 892 1294 factores
923 1241 1027 1295 leqqis
1058 1244 1095 1283 et
1124 1241 1343 1283 uindicate
1372 1239 1612 1281 uindictam

95 1311 249 1365 populi
279 1311 422 1363 uestri,
455 1310 672 1352 retribuite
704 1310 1019 1351 retributionem
1049 1310 1242 1363 yentibus
1273 1313 1308 1351 et
1343 1308 1544 1350 intendite
1565 1308 1613 1349 in

55 1384 369 1434 15praeceptum
408 1379 518 1434 lcyis.
574 1379 738 1433 quando
778 1379 920 1432 itaque
962 1378 1108 1420 uideas
1140 1378 1244 1420 talia
1274 1377 1501 1432 praecepta
1534 1376 1611 1419 de-

104 1449 213 1491 disse
239 1449 335 1490 filiis
370 1449 411 1490 et
444 1461 492 1490 ea
522 1448 746 1490 mandasse
778 1448 868 1489 fieri
902 1461 1008 1502 quae
1042 1448 1169 1489 etiam
1202 1448 1349 1490 fecerit
1378 1448 1481 1501 ipse,
1515 1460 1610 1490 cum

103 1518 251 1560 doceat
291 1518 348 1559 sic
388 1518 649 1571 patriarchas
690 1518 914 1571 prophetas
954 1518 996 1559 et
1035 1518 1208 1559 cunctos
1245 1518 1378 1559 iustos
1413 1517 1490 1559 deo
1522 1517 1609 1571 pla-

101 1588 250 1630 cuisse.
285 1587 384 1640 quid
417 1600 503 1629 nos.
536 1587 580 1628 tu
611 1587 846 1635 tenebrose,
880 1599 929 1628 ne
960 1586 1037 1628 tibi
1060 1587 1330 1628 contumaces
1355 1585 1609 1641 uideremur,

99 1656 294 1697 uolueras
335 1655 500 1697 faceret>
552 1656 880 1697 cessissemusne
920 1656 997 1697 tibi
1038 1656 1201 1697 mortuo
1241 1655 1348 1705 uiui,
1399 1655 1465 1697 dei
1498 1655 1610 1698 serui

51 1738 83 1763 20
102 1724 272 1768 satelliti
307 1724 473 1769 diaboli.
508 1738 603 1766 cum
635 1738 782 1766 cernas
807 1725 935 1766 istum
958 1725 1209 1766 Matathiam
1234 1724 1372 1766 dicere
1397 1725 1450 1766 ad
1470 1724 1610 1767 filios?

100 1798 137 1836 et
167 1795 229 1835 ila
259 1795 435 1847 coyitate
458 1809 540 1847 per
568 1795 880 1849 yenerationem
911 1797 947 1835 et
976 1795 1305 1849 yenerationem,
1338 1795 1442 1848 quia
1469 1807 1611 1837 omnes

99 1863 171 1917 qui
200 1866 377 1916 sperant
407 1864 453 1905 in
484 1878 577 1905 eum
609 1877 693 1906 non
724 1864 1071 1918 infirmabuntur.
1105 1867 1144 1906 et
1173 1878 1200 1905 a
1230 1864 1368 1906 uerbis
1399 1863 1489 1905 uiri
1502 1877 1605 1916 pec-

100 1932 254 1974 catoris
285 1946 371 1973 non
405 1933 646 1984 timueritis,
680 1933 784 1986 quia
813 1933 953 1987 yloria
984 1934 1073 1975 eius
1098 1934 1146 1975 in
1168 1936 1342 1975 stercore
1372 1935 1411 1974 et
1432 1945 1605 1975 uermes,

101 1999 220 2042 hodie
250 2001 478 2052 extollitur,
525 2004 561 2042 et
591 2014 687 2043 cras
719 2016 805 2043 uon
836 2002 1095 2050 inuenietur,
1142 2003 1245 2056 quia
1283 2015 1507 2044 conuersus
1552 2005 1610 2044 est

52 2068 147 2110 ²⁵in
188 2072 343 2110 terram
390 2083 510 2111 suam
556 2074 591 2111 et
632 2071 828 2125 coyitatio
867 2072 956 2113 cius
987 2071 1157 2124 peribit.
1212 2084 1263 2113 ne
1303 2071 1380 2113 tibi
1421 2070 1609 2113 iniuriosi

101 2137 332 2188 uideamur,
365 2150 587 2192 parcamus
618 2138 694 2180 tihi
729 2139 795 2180 (lei
823 2139 993 2181 domum
1017 2140 1261 2188 destruenti,
1293 2140 1369 2182 tibi
1393 2141 1462 2194 qui
1483 2139 1608 2183 hodie

102 2207 158 2249 sis
191 2209 231 2249 et
263 2219 356 2249 cras
390 2207 470 2249 eris
501 2207 541 2248 in
574 2220 739 2249 uermes
773 2209 814 2249 et
837 2209 1034 2258 stercore,
1069 2209 1110 2249 et
1132 2209 1236 2250 hanc
1259 2208 1475 2250 trahamus
1499 2208 1608 2263 apud

103 2275 225 2318 deum
259 2276 468 2318 offensam.
504 2288 584 2330 quo
615 2277 755 2317 tecum
786 2289 1025 2318 mereamur
1055 2276 1189 2330 redigi
1223 2276 1275 2318 ad
1306 2276 1510 2318 nihilum?

157 2344 268 2387 XVI.
304 2345 519 2399 Cognosce
550 2346 644 2399 post
675 2346 794 2394 haec,
828 2346 926 2399 quid
959 2347 1084 2388 etiam
1116 2346 1190 2388 filii
1221 2345 1453 2388 Matathiae
1486 2346 1607 2388 istius

52 2412 406 2467 wreligiosissimi
447 2413 644 2465 fecerint,
694 2415 727 2456 si
759 2415 977 2456 timuerint
1008 2415 1298 2457 concarnificis
1328 2415 1390 2456 tui
1422 2427 1605 2466 manum,

103 2481 136 2522 si
177 2483 403 2524 exercitum
444 2483 558 2524 illius
599 2483 693 2524 ante
735 2483 878 2525 oculos
924 2483 1146 2525 habuerint
1185 2484 1226 2525 et
1266 2496 1344 2525 non
1393 2482 1604 2526 dominum

238 2642 279 2676 21
307 2641 323 2676 1
347 2642 461 2677 Mach.
486 2642 517 2684 2,
544 2643 681 2677 61—63

168 2779 189 2812 4
216 2779 287 2823 qui·
323 2782 350 2823 (s
376 2782 486 2822 eras.)
593 2780 614 2814 6
640 2781 792 2814 stercora
818 2779 910 2813 coni.
940 2778 1167 2813 Gallandius
1273 2779 1295 2814 8
1319 2779 1370 2815 flli
1481 2781 1523 2816 13
1548 2783 1606 2817 ad-

103 2833 227 2870 ducitis
374 2836 418 2871 20
442 2837 629 2871 matthiam
776 2836 821 2870 23
847 2836 1008 2880 stercore]
1036 2835 1108 2869 eius
1133 2836 1222 2871 add.
1360 2837 1404 2872 27
1431 2840 1516 2883 aput

102 2890 146 2926 29
170 2892 343 2927 matthiae

168 2960 274 2997 XIIIL
1421 2964 1462 2999 16
