1934 3278
304 256 387 297 326
962 253 1155 288 Luciferi

304 381 421 421 tanto
453 380 588 433 magis
619 379 844 433 participes
875 380 1169 432 prophetarum
1202 380 1458 422 confessores
1491 382 1532 422 et
1562 382 1740 423 maxime
1762 384 1804 423 te

308 449 518 502 appellare
552 448 723 501 dignum
756 449 830 489 est.
865 448 988 489 crede
1020 449 1134 498 mihi,
1166 448 1345 499 Lucifer,
1379 463 1457 491 non
1488 454 1533 491 tu
1567 451 1678 492 solus
1702 451 1803 492 haec

305 518 474 559 locutus
506 530 562 567 es,
597 517 671 558 sed
704 517 872 570 spiritus
904 517 1073 558 sanctus
1103 518 1256 558 tecum.
1289 519 1398 560 unde
1429 520 1532 561 haec
1564 520 1682 561 tanta-
1713 533 1804 561 me-

307 587 439 628 moria
488 586 808 639 scripturarum,
856 586 965 626 unde
1012 599 1159 627 sensus
1206 587 1246 627 et
1293 587 1532 630 intellectus
1581 588 1806 630 earundem

273 690 277 695 .
305 655 497 709 integer?
560 654 668 696 unde
699 655 796 696 talis
829 654 928 696 ordo
972 655 1172 696 sermonis
1205 657 1490 709 compositus?
1550 657 1659 699 unde
1690 658 1807 699 tanta

309 726 573 767 hortamenta
602 725 643 765 in
675 724 787 764 uiam
819 723 1077 765 caelestem?
1109 724 1217 765 unde
1250 724 1406 766 fiducia
1427 726 1571 767 contra
1594 726 1806 767 diabolum

311 795 352 835 et
381 794 647 847 probationes
681 794 885 835 aduersus
914 794 1161 843 haereticos,
1204 793 1283 835 nisi
1314 793 1483 847 spiritus
1516 795 1685 836 sanctus
1717 795 1806 836 col—

306 863 472 904 locatus
505 863 616 904 esset
646 862 687 903 in
719 863 792 904 te?
822 862 961 916 gaude
992 863 1121 916 igitur
1150 862 1191 903 in
1216 875 1262 904 eo
1284 863 1326 904 te
1351 875 1442 904 esse
1464 863 1548 904 iam
1570 863 1804 916 peruidens.

305 932 345 973 in
380 944 459 984 quo
493 931 619 972 etiam
650 931 995 984 praedecessores
1026 931 1087 972 tui
1118 944 1224 972 nunc
1259 932 1354 973 sunt
1384 933 1601 987 martyres,
1635 933 1710 973 hoc
1746 934 1808 973 est

306 1001 347 1041 in
380 1001 505 1041 choro
540 1000 795 1053 angelorum.
828 1000 1062 1053 gaudemus
1095 1000 1221 1041 etiam
1253 1014 1326 1042 nos
1357 1001 1559 1042 habentes
1589 1001 1632 1042 te
1666 1013 1807 1042 exem-

307 1069 421 1121 plum
453 1068 623 1109 uirtutis
653 1068 881 1121 patientiae
915 1069 956 1110 et
984 1068 1206 1111 libertatis.
1238 1082 1334 1111 nam
1368 1069 1418 1111 de
1451 1069 1514 1111 his
1546 1082 1651 1123 quae
1675 1069 1808 1122 scrip-

308 1136 401 1177 sisti
444 1136 495 1177 de
534 1136 699 1178 nomine
745 1149 838 1178 meo
887 1138 1086 1179 erubesco
1128 1137 1285 1190 aliquid
1324 1138 1526 1191 proferre,
1574 1151 1624 1179 ne
1664 1138 1809 1179 uidear

309 1205 525 1253 adulator3
575 1205 650 1247 sed
682 1206 768 1247 3010
810 1206 851 1247 01
882 1206 1006 1247 credo
1038 1206 1174 1259 ipsum
1217 1206 1442 1257 dominum,
1491 1206 1560 1260 qui
1594 1207 1736 1247 sancto
1771 1207 1811 1247 et

307 1273 502 1326 religioso
536 1275 671 1315 animo
693 1275 765 1316 tuo
787 1275 995 1316 reuelauit
1017 1287 1182 1316 omnem
1203 1275 1408 1326 notitiam,
1440 1275 1703 1317 redditurum
1734 1275 1808 1317 tibi

309 1342 436 1383 etiam
452 1355 524 1395 pro
538 1345 614 1384 hoc
631 1343 774 1385 labore
791 1344 1023 1397 praemium
1041 1344 1083 1384 in
1100 1356 1227 1397 regno
1247 1344 1470 1385 caelorum.
1490 1344 1587 1397 quia
1606 1356 1702 1397 ergo
1712 1343 1810 1385 talis

308 1426 365 1464 es,
398 1412 659 1466 precatorem
690 1412 732 1453 te
766 1425 856 1454 esse
888 1425 960 1465 pro
984 1412 1100 1454 nobis
1131 1425 1204 1465 per
1236 1412 1443 1454 orationes
1469 1412 1574 1468 (ad)
1600 1412 1810 1454 dominum

308 1482 502 1535 petimus,
536 1481 583 1521 ut
612 1481 697 1522 iam
728 1481 933 1533 inspicere
967 1480 1174 1534 dignetur,
1215 1481 1262 1521 ut
1293 1481 1358 1522 est
1386 1481 1636 1531 misericors,
1671 1481 1810 1522 eccle-

309 1551 415 1591 siam
447 1549 701 1591 catholicam
744 1549 785 1590 et
826 1549 974 1602 eripiat
1015 1561 1158 1591 omnes
1196 1549 1376 1590 famulos
1408 1562 1505 1591 suos
1538 1549 1588 1590 de
1620 1549 1812 1591 manibus

308 1620 637 1672 persecutorum,
672 1631 752 1672 quo
786 1618 912 1659 etiam
942 1618 986 1659 hi
1017 1631 1160 1660 omnes
1193 1618 1263 1671 qui
1283 1618 1451 1671 propter
1471 1618 1630 1659 metum
1646 1618 1811 1671 tempo-

308 1688 442 1729 ralem
474 1688 718 1729 ceciderunt
747 1687 890 1728 leuare
923 1699 967 1728 se
998 1686 1170 1728 tandem
1201 1688 1361 1740 possint
1385 1688 1426 1729 et
1446 1684 1679 1728 10110111οᾶ
1701 1687 1812 1727 uiam
1833 1702 1847 1725 2

308 1756 510 1807 iustitiae,
545 1770 569 1798 a
600 1769 682 1810 qua
714 1756 878 1798 seducti
900 1756 1120 1810 uagantur,
1152 1755 1389 1797 nescientes
1419 1756 1461 1797 in
1484 1768 1566 1810 qua
1587 1755 1710 1797 fouea
1732 1755 1814 1796 sint

308 1826 465 1868 miseri.
529 1825 770 1879 specialiter
810 1825 953 1866 autem
994 1837 1070 1878 ego
1101 1824 1211 1878 peto,
1262 1824 1296 1866 si
1337 1825 1495 1878 aliquid
1526 1824 1662 1865 minus
1696 1837 1719 1865 a
1747 1836 1813 1866 me

312 1896 471 1937 dictum
506 1895 580 1947 est,
613 1894 830 1948 ignoscere
865 1893 1069 1946 digneris3
1110 1905 1133 1934 a
1162 1893 1279 1934 tanto
1313 1894 1421 1934 enim
1453 1893 1563 1934 fonte
1597 1893 1707 1946 quod
1738 1905 1813 1945 po-

310 1964 393 2005 tuit
412 1963 607 2016 inperitia
626 1975 723 2004 mea
745 1962 813 2003 uix
834 1961 999 2003 haurire
1022 1961 1167 2003 ualuit.
1193 1961 1243 2002 de
1266 1961 1463 2003 fratribus
1487 1961 1627 2002 autem
1649 1961 1813 2004 nostris.

313 2033 347 2074 si
378 2032 516 2074 minus
546 2031 663 2085 potui
694 2030 838 2072 uidere
872 2030 1055 2081 eosdem,
1088 2030 1240 2071 iterum
1262 2030 1456 2084 ignoscas
1478 2031 1587 2084 peto.
1622 2031 1685 2072 est
1707 2030 1815 2071 enim
1835 2045 1849 2068 ε.»

310 2101 403 2154 ipsa
434 2100 592 2141 ueritas
622 2099 744 2141 testis
778 2099 944 2152 optasse
975 2111 1042 2140 me
1075 2099 1116 2140 et
1149 2098 1411 2140 desiderasse
1443 2099 1519 2141 1100
1542 2099 1750 2152 inpetrare
1776 2100 1816 2140 et

310 2169 474 2210 tantum
506 2167 704 2210 habuisse
739 2168 925 2209 dolorem
958 2168 1068 2221 quod
1098 2180 1177 2209 non
1209 2168 1346 2220 potui;
1380 2180 1475 2209 nam
1506 2180 1582 2208 nec
1614 2168 1814 2209 lacrimae

310 2237 584 2279 cessauerunt
617 2237 666 2278 ab
700 2236 832 2278 0011113
864 2249 938 2277 1100
972 2236 1154 2289 gemitus
1186 2237 1237 2277 ab
1263 2236 1413 2286 animo,
1448 2236 1545 2289 quia
1566 2248 1641 2277 nec
1665 2236 1814 2278 fratres

380 2430 397 2464 1
432 2429 606 2474 particeps
639 2441 669 2471 v,
703 2429 894 2474 principem
927 2430 1018 2463 com'.
1053 2430 1218 2464 Poncius
1359 2429 1589 2463 confessorem
1623 2429 1655 2463 T
1656 2429 1743 2463 ilius
1778 2428 1818 2462 in

310 2489 410 2522 notis
504 2487 739 2521 confessorum
764 2488 800 2520 et
824 2488 1014 2531 martyrum
1038 2488 1075 2520 te
1100 2487 1193 2520 coni.
1220 2487 1381 2520 Poncz'us
1487 2487 1508 2519 ‘2
1534 2486 1702 2520 credimus
1729 2484 1819 2529 quod

310 2555 380 2578 non
396 2547 436 2578 tu
454 2545 559 2587 Chiff.
653 2544 672 2576 5
691 2544 900 2588 compositus
920 2545 974 2578 est
992 2545 1088 2584 Ven„
1108 2543 1291 2588 compositi
1308 2544 1465 2587 Papebr.
1560 2544 1580 2577 6
1600 2543 1727 2577 fiducia

311 2602 333 2636 8
357 2613 418 2645 per
442 2601 548 2636 fidem
575 2601 679 2644 Chiff.
706 2602 826 2644 falso;
851 2602 974 2646 yaude
1000 2601 1095 2635 enim
1120 2601 1243 2644 inquit
1269 2612 1351 2635 cum
1362 2600 1567 2644 peruideas
1595 2604 1628 2634 te
1653 2610 1728 2633 esse

311 2659 332 2721 ἓ
358 2669 594 2702 praecessores
622 2660 727 2702 Chiff.
854 2659 895 2692 10
920 2661 956 2692 10
985 2659 1101 2702 Chiff„
1128 2660 1163 2692 et
1195 2659 1244 2693 Vv
1363 2658 1402 2691 11
1432 2659 1467 2692 et
1491 2657 1684 2701 patientiae
1711 2669 1729 2691 v

312 2727 342 2761 is
462 2727 503 2760 13
530 2727 690 2761 adolator
820 2726 882 2761 sed
907 2729 942 2761 et
967 2727 1036 2761 scio
1064 2728 1099 2761 et
1130 2728 1213 2761 Ven.
1343 2726 1384 2759 16
1411 2725 1456 2759 ad
1482 2736 1547 2759 om.
1579 2726 1647 2769 Vc;
1672 2727 1750 2758 tuas
1777 2724 1820 2758 ad

311 2809 401 2844 add.
432 2808 528 2842 Gall.
624 2808 665 2841 18
692 2783 781 2840 orffat
873 2807 917 2840 20
943 2807 1150 2841 cecederunt
1174 2818 1218 2841 m.
1236 2810 1255 2840 1
1350 2806 1391 2839 21
1419 2806 1455 2839 in
1481 2816 1583 2849 quain
1675 2805 1719 2838 24
1744 2816 1822 2839 mea

311 2866 418 2902 codd.
447 2865 556 2906 Ghiff.
582 2868 615 2898 eh
639 2865 735 2908 Veu„
761 2874 803 2898 ea
826 2865 876 2899 Vv
969 2864 1012 2897 25
1038 2864 1091 2897 sin
1116 2875 1136 2898 v
1229 2863 1273 2897 26
1298 2863 1492 2906 inpetrasse
1517 2874 1561 2896 m.
1587 2865 1605 2896 1

1830 1011 1861 1035 10

1831 1357 1862 1382 15
