1934 3278
566 224 786 259 Moricndum
811 235 886 258 csse
911 235 971 269 pro
998 224 1054 258 dei
1080 224 1162 258 filio.
1534 225 1622 267 31T

109 352 292 406 fugimus
322 350 571 404 temporalia
610 362 716 403 quae
757 363 781 391 a
819 351 861 391 te
904 350 1038 391 ueluti
1077 351 1185 392 bona
1226 351 1451 392 offeruntur
1482 352 1614 400 nobis,

109 420 329 474 propterea
360 419 471 473 quod
502 419 576 460 illa
604 419 714 460 bona
742 419 817 459 tua
849 418 1019 460 aeterna
1050 419 1163 460 mala
1195 419 1514 472 subsequantur.
1547 420 1614 461 id-

111 490 221 532 circo
243 490 481 543 praesentia
503 501 609 542 quae
631 488 755 541 putas
777 488 894 529 nobis
917 488 1114 530 nocibilia
1138 488 1370 542 delegimus
1394 489 1612 537 sustinere,

110 559 168 609 ut,
215 559 402 599 inlustris
444 557 649 600 consessio
691 556 789 598 dum
830 558 1074 610 perseuerat
1111 558 1151 598 in
1194 558 1324 607 nobis,
1373 558 1543 599 aeterna
1575 560 1616 600 et

77 627 347 669 5inmortalia
378 627 577 680 consequi
600 638 836 668 mereamur
867 627 987 674 bona,
1022 626 1130 667 sicut
1163 626 1204 667 et
1233 627 1279 667 tu
1312 638 1407 667 cum
1440 626 1512 675 eis,
1546 626 1615 679 qui

108 697 150 738 te
181 696 419 737 metuentes
451 695 657 736 uoluntati
689 695 788 736 tuae
820 694 1090 736 inueniuntur
1120 695 1309 748 paruisse
1343 695 1385 736 et
1415 694 1613 736 mandata

111 764 346 806 deseruisse
381 764 461 813 dei,
496 763 692 817 quoniam
725 763 894 817 quidem
918 765 1155 817 praesentia
1175 764 1311 818 magis
1331 764 1441 806 bona
1463 763 1616 805 fuerint

109 834 264 888 eligere
299 833 458 887 dignati
493 833 533 873 et
563 832 703 874 futura
734 833 1014 882 contemnere,
1048 833 1286 875 inmortalia
1317 833 1373 874 sis
1395 832 1613 874 incasurus

107 903 231 944 mala.
274 901 574 944 desiderabilia
606 901 715 943 enim
748 915 876 954 super
908 916 1064 943 aarum
1096 906 1132 944 et
1166 903 1353 956 lapidem
1376 902 1613 955 pretiosam

59 985 90 1009 10
108 971 287 1013 multum
318 975 355 1013 ct
385 972 585 1014 dulciora
615 985 744 1025 saper
774 972 854 1012 mel
884 973 923 1012 ct
951 971 1118 1023 facium.
1151 972 1303 1012 etenim
1334 984 1482 1012 sericas
1515 973 1614 1012 taus

107 1041 286 1083 custodit
316 1055 378 1089 ea,
411 1041 459 1082 in
480 1040 749 1082 custodiendo
770 1039 848 1081 illa
869 1039 1088 1080 retributio
1110 1039 1255 1080 midta.
1289 1038 1481 1080 nouimus
1505 1040 1609 1080 hanc

107 1110 238 1151 uitam
280 1123 404 1163 quam
443 1121 694 1163 magnopere
744 1108 905 1150 auferre
944 1108 1113 1150 laboras
1160 1121 1251 1150 esse
1297 1107 1611 1153 breuissimam;

107 1179 297 1220 nouimus
330 1180 371 1219 et
402 1179 510 1220 bona
540 1178 661 1220 istius
693 1178 805 1219 uitae
839 1178 881 1219 et
911 1178 1024 1219 mala
1056 1191 1147 1219 esse
1180 1178 1337 1226 breuia,
1370 1177 1483 1218 illius
1510 1190 1609 1218 nero

106 1248 218 1289 uitae
253 1249 446 1289 aeternae
478 1248 586 1289 bona
617 1260 722 1300 quae
755 1247 954 1300 consequi
990 1260 1133 1288 sumus
1177 1246 1463 1288 desiderantes
1504 1247 1612 1300 quod

58 1326 90 1352 ¹5
108 1316 359 1369 sempiterna
392 1317 493 1363 sint:
542 1317 733 1358 nouimus
775 1317 883 1357 enim
924 1316 1035 1369 quod
1066 1328 1138 1369 pro
1170 1316 1288 1357 bonis
1319 1315 1383 1356 his
1415 1316 1612 1357 breuibus

108 1385 256 1438 quibus
287 1386 331 1426 tu
367 1385 589 1427 delectaris
631 1398 676 1426 ac
712 1385 860 1426 frueris
899 1385 1012 1426 mala
1052 1385 1134 1426 sint
1166 1384 1336 1426 aeterna
1367 1396 1614 1426 successura

105 1454 180 1496 tibi
214 1455 255 1495 et
286 1455 402 1496 nobis
436 1454 696 1503 Christianis,
731 1467 833 1508 quos
868 1454 1049 1507 despicis
1082 1466 1268 1507 quosque
1301 1453 1491 1495 omnibus
1522 1454 1611 1495 uir-

106 1523 265 1565 tutibus
296 1523 459 1576 imperii
498 1524 559 1564 tui
602 1523 799 1564 laniando
839 1535 918 1565 non
953 1523 1134 1573 desistis,
1177 1522 1287 1576 quod
1330 1523 1411 1564 sint
1441 1535 1513 1576 pro
1546 1523 1611 1564 his

106 1592 227 1633 malis
259 1592 456 1634 breuibus
487 1593 594 1634 bona
627 1592 797 1633 aeterna
829 1605 1090 1633 successura.
1154 1593 1256 1633 haec
1290 1592 1350 1633 ita
1381 1605 1425 1634 se
1456 1593 1610 1634 habere

56 1660 246 1714 ”legisti
272 1661 311 1702 in
346 1661 496 1703 CXXV
530 1661 712 1715 psalmo:
760 1663 1060 1716 maynificauit
1105 1662 1304 1703 dominus
1341 1662 1480 1714 facere
1519 1675 1612 1703 cum

105 1729 208 1783 illis,
257 1731 298 1770 ct
336 1729 462 1770 infra:
505 1731 578 1783 qai
618 1731 829 1772 seminant
867 1731 916 1772 ‘iri
948 1730 1139 1772 lacrimis
1178 1731 1227 1771 in
1256 1730 1414 1784 qaudio
1445 1733 1607 1772 metent.

105 1801 247 1840 euntes
267 1798 383 1841 ibant
405 1802 441 1840 ct
459 1799 628 1852 flebant,
661 1800 870 1841 mittentes
899 1800 1064 1841 semina
1094 1813 1194 1852 saa5
1224 1799 1436 1841 uenientes
1468 1802 1607 1840 autem

105 1867 273 1909 uenient
288 1868 336 1908 in
353 1867 609 1909 exultatione
623 1871 841 1921 portantes
858 1868 1104 1921 manipulos
1119 1881 1227 1918 suos,
1252 1867 1294 1909 et
1309 1867 1350 1909 in
1368 1867 1605 1910 CXXVIII:

105 1935 214 1977 beati
245 1950 387 1978 omnes
417 1938 491 1989 qui
523 1938 672 1979 timent
701 1937 936 1991 domimini,
969 1937 1042 1990 qui
1073 1937 1294 1979 ambulant
1322 1938 1369 1978 in
1390 1938 1477 1979 uiis
1506 1938 1607 1979 eius.

56 2009 88 2035 2⁵
107 2003 267 2046 labores
297 2005 516 2057 fructuum
547 2009 716 2047 tuorum
746 2006 1054 2058 manducabis5
1092 2005 1236 2048 beatas
1267 2019 1308 2047 es
1339 2008 1378 2047 et
1405 2006 1503 2048 bene
1533 2007 1608 2048 tibi

105 2073 195 2115 erit.
258 2073 337 2114 erit
367 2074 553 2126 profecto
585 2074 624 2115 in
659 2074 874 2115 aeternum
907 2074 1013 2116 bene
1047 2073 1106 2116 eis
1138 2074 1208 2128 qui
1240 2087 1319 2116 non
1351 2076 1611 2128 negauerunt

107 2140 174 2183 dei
218 2141 364 2189 filium,
414 2142 483 2195 qui
523 2142 666 2183 labore
706 2142 877 2184 sanctae
918 2142 1190 2184 consessionis
1230 2155 1329 2185 suae
1376 2143 1606 2196 potientur;

106 2210 250 2252 contra
280 2211 371 2260 tibi,
418 2211 452 2253 si
493 2212 534 2252 in
574 2212 651 2252 hac
693 2212 876 2253 amentia
915 2225 998 2265 qua
1027 2212 1137 2253 uiuis
1169 2224 1275 2253 nunc
1309 2224 1472 2265 semper
1505 2225 1605 2253 cen-

107 2279 237 2321 sueris
268 2280 535 2327 manendum,
585 2280 664 2321 erit
702 2280 811 2321 male
853 2281 1066 2333 perpetuo,
1114 2280 1187 2321 illa
1225 2281 1458 2334 percipiens
1497 2294 1604 2334 quae

55 2353 89 2380 ³0
106 2360 209 2389 nunc
244 2348 419 2401 percipit
451 2348 642 2389 Sem-ioth
676 2348 815 2389 Iudas.
877 2349 975 2389 tunc
1008 2350 1049 2389 te
1082 2349 1211 2390 uisuri
1252 2361 1325 2390 nos
1358 2349 1603 2402 supplicem,

240 2508 260 2541 9
286 2507 342 2542 Ps.
372 2508 423 2551 18,
452 2509 502 2542 11.
531 2508 572 2542 12
673 2509 717 2542 20
743 2509 801 2542 ps.
828 2509 904 2548 125,
931 2509 951 2542 2
1059 2509 1099 2543 21
1129 2508 1175 2544 ib.
1206 2509 1281 2545 125.
1309 2510 1338 2544 5.
1365 2511 1386 2543 c
1490 2510 1534 2544 24
1560 2510 1614 2546 ib..

108 2563 181 2606 127,
210 2565 238 2599 1.
265 2565 285 2598 2

175 2701 193 2734 7
220 2700 417 2735 desuruisse
514 2702 554 2736 12
580 2702 719 2736 laboras
747 2712 781 2740 (a
807 2714 851 2735 m·
869 2714 886 2736 e
915 2715 957 2736 m.
987 2707 1018 2743 1)
1117 2703 1157 2736 15
1183 2703 1230 2736 sit
1324 2704 1515 2738 uouisssiuus

106 2780 148 2814 16
166 2781 237 2815 sint
254 2783 346 2817 cmii.
364 2783 559 2820 Latinius,
585 2784 652 2816 l'lin
680 2784 716 2821 V.
741 2783 776 2817 iu
798 2795 825 2822 ι’,
852 2795 917 2818 om.
950 2783 1065 2817 'l'ilz'ns
1086 2786 1123 2817 in
1143 2784 1240 2818 notis
1336 2783 1377 2817 18
1395 2766 1516 2819 desisti

105 2836 148 2870 23
172 2839 336 2882 potantes
429 2839 473 2873 28
499 2850 537 2873 ac
564 2851 607 2874 m.
638 2843 652 2873 l
