1934 3278
311 241 390 283 196
968 240 1164 275 Luciferi

310 369 557 420 sidera-ntes,
590 369 852 410 calcaremus
882 368 977 409 tuas
1011 368 1239 422 sacrilegas
1269 369 1487 411 iussiones.
1536 370 1627 423 quis
1662 370 1814 411 etenim

310 439 415 481 nolit
445 438 525 480 nisi
556 437 674 479 uobis
706 437 894 478 Arrianis
926 436 1130 478 infelicior
1155 450 1178 478 a
1201 437 1267 478 dei
1291 438 1411 479 unico
1435 438 1519 480 filio
1544 438 1690 493 diligi?
1724 439 1815 492 quis

311 509 375 550 est
407 508 477 562 qui
508 507 612 549 nolit
645 506 775 547 amari
809 506 859 547 ab
894 506 981 547 eius
1013 506 1160 558 patre?
1221 506 1312 559 quis
1353 507 1422 559 qui
1461 507 1591 560 palaris
1633 508 1674 549 et
1704 508 1815 549 unici

312 577 400 619 eius
431 576 506 618 filii
537 576 740 629 templum
782 587 873 616 esse
912 575 1107 616 recuset?
1168 587 1274 627 quae
1313 575 1456 628 utique
1498 577 1696 630 consequi
1736 590 1815 619 non

309 646 449 700 potest
480 645 550 699 qui
583 644 692 686 sicut
721 644 766 685 tu
801 644 842 684 et
872 643 1082 685 homicida
1113 643 1239 685 fuerit
1261 644 1302 685 et
1333 644 1584 699 sacrilegus3
1618 646 1815 699 consequi
1852 658 1868 682 5

312 728 411 757 sane
441 714 488 755 tu
528 713 654 754 etiam
697 712 866 766 poteris,
907 712 942 753 si
981 724 1208 754 conuersus
1248 725 1346 753 uere
1383 713 1649 766 paenitearis.
1714 714 1817 756 dicit

311 783 447 825 adhuc
473 782 685 824 dominus:
717 782 791 823 hoc
816 785 873 823 est
894 782 1147 823 mandatum
1163 796 1312 837 meum,
1335 785 1381 824 ut
1401 782 1595 836 diliyatis
1615 784 1815 834 inuicem,

310 853 420 894 sicut
449 851 581 893 dilexi
610 864 697 893 uos.
730 851 931 893 maiorem
961 851 1071 892 hanc
1106 851 1326 892 caritatem
1347 865 1465 893 nemo
1486 851 1617 906 habet,
1650 855 1696 894 ut
1718 853 1815 894 ani-

311 935 426 963 mam
455 934 581 963 suam
606 923 744 973 ponat
764 934 848 973 pro
879 920 1031 962 amicis
1062 920 1164 962 suis.
1226 934 1299 962 uos
1344 921 1474 963 amici
1510 921 1592 963 mci
1630 921 1737 972 estis,
1779 922 1817 963 si

309 990 491 1044 feceritis
520 990 628 1042 quod
653 989 876 1042 praecipio
908 989 1039 1032 uobis.
1099 990 1189 1030 iam
1219 1003 1308 1031 non
1337 991 1429 1032 dico
1460 1002 1533 1031 uos
1564 1003 1717 1041 seruos,
1748 992 1818 1033 sed
1838 1008 1869 1032 10

314 1059 485 1113 amicos,
521 1058 562 1100 et
592 1058 767 1099 iterum:
800 1071 886 1099 non
918 1071 993 1100 uos
1023 1071 1086 1099 me
1115 1058 1312 1112 elegistis,
1343 1060 1414 1101 sed
1444 1072 1512 1113 690
1542 1071 1618 1100 uos
1649 1059 1751 1113 eleyi
1782 1063 1819 1101 et

304 1128 438 1182 posui
469 1140 559 1180 uos,
592 1130 640 1169 ut
659 1127 765 1168 eatis
795 1130 832 1169 et
861 1127 1125 1180 fructificetis
1155 1131 1192 1169 et
1222 1127 1386 1180 fructus
1415 1130 1552 1170 uester
1580 1131 1756 1170 maneat
1783 1131 1820 1170 et

312 1198 595 1251 quodcumque
625 1211 652 1237 a
676 1200 803 1250 patre
833 1209 919 1238 meo
943 1197 1155 1249 petieritis
1193 1197 1242 1238 in
1272 1197 1442 1238 nomine
1472 1210 1558 1238 meo
1589 1197 1657 1238 det
1687 1197 1817 1239 uobis.

367 1266 544 1308 XXVII.
595 1266 811 1318 Quomodo
843 1266 1072 1319 poterimus
1112 1279 1203 1308 esse
1248 1266 1370 1307 amici
1402 1266 1513 1307 unici
1554 1266 1630 1307 filii
1671 1266 1751 1317 dei,
1785 1266 1818 1307 si

312 1335 456 1377 contra
473 1334 744 1376 interdictum
761 1335 874 1377 illius
891 1335 1059 1388 pietatis
1078 1335 1417 1376 damnauerimus
1436 1335 1663 1386 absentem,
1685 1335 1817 1376 inter·
1841 1351 1871 1375 1⁵

311 1404 535 1445 fecerimus
567 1404 862 1446 innocentem?
895 1404 1100 1457 quomodo
1132 1404 1292 1445 fructus
1313 1404 1453 1445 noster
1478 1404 1701 1457 augmenta
1724 1416 1818 1445 cre-

311 1473 548 1514 mentorum
588 1473 726 1514 facere
768 1472 949 1526 poterit?
1012 1472 1218 1525 quomodo
1259 1472 1458 1526 quicquid
1496 1472 1739 1526 pebierimus
1780 1473 1819 1513 in

312 1542 477 1583 nomine
511 1541 599 1583 eius
633 1542 888 1595 accipiemus
921 1554 944 1582 a
974 1541 1106 1595 patre,
1141 1542 1188 1591 si,
1220 1542 1267 1582 u’o
1288 1541 1334 1582 tu
1357 1542 1551 1595 cogebas,
1583 1554 1662 1583 non
1685 1541 1819 1583 solum

314 1610 518 1652 cultorem
553 1610 641 1651 eius
671 1610 926 1663 puniremus,
960 1610 1034 1651 sed
1068 1610 1109 1651 et
1139 1609 1277 1663 ipsum
1300 1612 1579 1664 negaremus?
1614 1610 1708 1651 Tito
1730 1610 1819 1651 11110

315 1678 392 1720 deo
426 1679 565 1720 dicato
598 1679 815 1732 scripsisse
847 1679 1018 1721 beatum
1052 1678 1289 1731 apostolum
1310 1692 1390 1721 non
1411 1679 1631 1720 inueneras
1654 1679 1706 1720 de
1730 1678 1819 1732 epi·
1838 1694 1872 1718 20

314 1748 429 1801 scopi
460 1748 821 1800 inreprehensibili
853 1747 1003 1799 officio,
1046 1746 1156 1800 quod
1188 1747 1242 1788 sit
1275 1747 1445 1801 dignum
1485 1748 1686 1801 praebere
1728 1747 1819 1798 deo,

312 1817 361 1859 ub
389 1816 623 1859 homicidas
654 1829 727 1858 nos
761 1816 870 1858 effici
910 1818 1111 1869 cuperes?
1170 1815 1298 1857 liuius
1328 1816 1391 1857 rei
1427 1817 1574 1871 qratia
1603 1817 1756 1870 reliqui
1787 1819 1822 1857 tc

316 1886 477 1935 Cretae,
508 1889 557 1928 ut
586 1900 635 1927 ea
666 1899 773 1939 quae
804 1886 980 1928 deerant
1009 1887 1199 1941 corriyas
1221 1889 1261 1928 et
1279 1886 1512 1928 constituas
1529 1899 1606 1938 per
1626 1885 1822 1927 ciuitates

307 1956 626 2010 presbyterium,
661 1956 770 1998 sicut
800 1969 871 2009 090
905 1955 981 1997 tibi
1001 1956 1205 2011 disposui,
1239 1956 1278 1998 si
1308 1956 1404 2009 quis
1425 1955 1597 1998 estsine
1628 1954 1820 2006 crimine,

314 2025 446 2066 unius
476 2025 624 2066 uxoris
657 2026 743 2076 uir,
784 2025 897 2078 filios
927 2024 1083 2066 habens
1112 2024 1265 2078 fideles,
1314 2038 1403 2066 non
1433 2024 1482 2066 in
1512 2024 1822 2066 accusationem
1841 2036 1874 2062 25

316 2094 516 2137 luoeuriae
558 2097 634 2135 aut
678 2108 765 2136 non
807 2094 1058 2146 subiectum;
1102 2096 1263 2148 oportet
1302 2093 1416 2134 enim
1454 2093 1694 2147 episcopum
1732 2093 1823 2134 sine

316 2163 496 2205 crimine
526 2175 610 2205 esse
630 2164 742 2205 sicut
762 2164 1097 2216 dispensatorem
1119 2163 1198 2217 dei,
1230 2176 1315 2205 non
1328 2165 1594 2217 proteruum,
1625 2176 1713 2205 non
1733 2162 1822 2204 ira-

315 2233 513 2286 cundum,
545 2245 634 2274 non
663 2233 943 2284 uinolentum,
974 2245 1062 2274 non
1083 2245 1385 2288 percussorem,
1417 2246 1505 2275 non
1525 2231 1821 2284 turpilucrum,

316 2302 386 2344 scd
417 2301 678 2355 hospitalem,
718 2302 960 2356 beniynum,
1000 2301 1200 2355 sobrium,
1240 2302 1412 2354 iustum,
1449 2304 1657 2354 sanctum,
1689 2300 1823 2342 conti-

316 2373 496 2422 nentem,
528 2372 843 2425 amplectentem
875 2372 921 2414 id
950 2372 1061 2425 quod
1090 2371 1320 2413 secundum
1350 2371 1591 2413 doctrinam
1621 2373 1679 2412 est
1698 2370 1824 2423 fidem
1842 2378 1876 2404 30

316 2440 446 2495 uerbi,
486 2443 533 2483 ut
570 2443 714 2494 potens
751 2440 809 2482 sit
850 2440 1065 2482 exhortari
1105 2440 1154 2480 in
1192 2440 1387 2482 doctrina
1425 2442 1464 2480 et
1495 2438 1823 2481 contradicentes

457 2603 475 2635 7
501 2601 573 2635 1011.
601 2602 654 2642 15,
684 2601 816 2636 12—15
912 2601 951 2636 11
978 2600 1024 2635 ib.
1053 2600 1106 2641 15,
1134 2601 1176 2635 16
1269 2599 1313 2633 22
1339 2599 1406 2634 Tit.
1434 2600 1463 2640 1,
1491 2599 1600 2633 5—11

387 2749 409 2783 6
434 2749 647 2793 poenitueris
674 2762 693 2785 v
799 2750 820 2784 8
846 2750 936 2784 hanc
961 2750 1109 2784 caritate
1134 2749 1227 2784 coni.
1255 2749 1457 2784 Cotelerius
1483 2748 1521 2782 in
1548 2752 1623 2782 not.
1650 2748 1701 2782 ad
1727 2749 1823 2792 Apo-

314 2807 495 2852 phtheym-
519 2812 675 2851 patrum
696 2820 733 2853 p.
759 2811 828 2843 621
952 2808 994 2842 21
1021 2807 1180 2852 praeberi
1205 2807 1293 2850 fort.
1408 2806 1454 2840 24
1477 2804 1751 2850 praesbyter-ium
1783 2806 1822 2840 V.

319 2863 538 2908 presbyteros
565 2876 609 2900 ea:
631 2877 686 2910 qr.
712 2866 894 2901 Latinius
988 2865 1033 2899 26
1058 2865 1210 2899 luxoriae
