1934 3278
285 213 364 255 136
938 212 1141 246 Luciferi

282 338 466 389 Iudaeis,
502 339 548 378 ut
577 338 661 379 iam
685 337 1020 391 derelinquerent
1043 350 1201 379 errores
1224 350 1334 388 suos,
1370 338 1581 379 abicerent
1601 338 1785 379 malitias

283 419 380 448 suas
414 419 461 447 ex
494 406 688 448 cordibus
722 407 820 456 suis,
856 406 1065 447 discerent
1095 407 1250 448 bonum
1280 406 1433 457 facere,
1475 406 1631 448 iustum
1670 406 1784 447 iudi-

282 476 427 517 carent
456 475 671 516 iudicium.
704 475 751 516 tu
782 475 940 527 inquis:
972 476 1174 517 damnate
1206 476 1374 516 iniuste.
1409 488 1490 528 qua
1523 475 1573 516 de
1604 488 1649 516 re
1671 474 1786 515 istud

283 543 436 586 suades
458 556 525 584 me
548 543 715 585 facere?
737 543 816 584 nisi
839 544 935 596 quia
958 543 1064 584 uelis
1085 556 1152 585 me
1176 543 1285 585 effici
1306 543 1537 584 illiusmodi
1561 543 1785 592 hominem,

284 613 431 666 quales
463 612 546 653 sint
575 612 650 662 illi,
686 612 739 652 ad
770 624 873 664 quos
907 611 1056 653 dixerit
1089 612 1216 654 deus:
1247 626 1323 654 uos
1355 615 1508 665 autem,
1544 611 1646 653 dicit
1669 611 1785 660 deus,
1824 621 1841 646 5

282 682 384 735 quid
400 681 652 722 succenditis
668 681 840 722 uineam
856 694 1005 732 meam,
1028 684 1064 722 et
1085 682 1248 734 rapina
1263 695 1506 733 pauperum
1526 681 1575 722 in
1595 680 1788 722 domibus

283 749 471 791 uestris?
502 749 605 801 quid
635 762 709 790 uos
738 749 951 790 iniuriam
988 749 1135 802 facitis
1163 749 1318 801 populo
1355 753 1393 790 et
1429 749 1586 802 faciem
1615 749 1790 801 inopum

286 817 587 870 confunditis?
650 818 690 857 et
726 817 772 858 tu
812 817 872 858 ita
910 818 1013 858 haec
1056 830 1098 858 es
1139 818 1309 867 faciens,
1350 818 1410 858 ita
1442 818 1594 858 cuncta
1625 829 1788 870 gerenS,

284 899 392 939 quae
433 885 531 938 quia
573 885 728 926 faciant
766 885 1007 939 indignatur
1046 886 1317 936 facientibus,
1365 887 1583 939 tamquam
1622 886 1790 938 placere

282 956 326 995 te
358 967 437 995 non
470 966 591 1006 posse
625 954 681 995 sis
714 954 862 1005 sciens,
903 954 983 995 nisi
1024 955 1065 995 et
1109 954 1263 995 domini
1303 954 1593 996 succendisses
1625 955 1791 995 uineam
1810 967 1844 992 10

286 1025 328 1065 et
347 1023 536 1076 rapinam
558 1036 789 1076 pauperum
811 1024 1100 1065 constituisses
1120 1024 1230 1064 intra
1256 1024 1425 1065 domum
1445 1024 1563 1064 tuam
1586 1024 1626 1064 et
1647 1022 1791 1063 multis

283 1092 420 1134 modis
453 1092 586 1133 seruis
610 1092 678 1132 dei
699 1092 937 1145 inrogasses
958 1092 1144 1134 iniurias.
1181 1093 1252 1133 aut
1276 1092 1414 1134 dicere
1437 1092 1664 1145 temptabis
1686 1092 1790 1132 haec

285 1161 424 1203 omnia
444 1162 486 1202 te
513 1173 592 1201 non
615 1161 794 1202 fecisse?
826 1161 1028 1214 numquid
1050 1173 1129 1202 non
1153 1161 1410 1202 succendisti
1433 1162 1599 1202 uineam
1623 1160 1791 1209 domini,

285 1230 450 1283 quando
483 1229 659 1282 coegisti
692 1242 785 1270 eam
815 1230 899 1270 iam
931 1242 1009 1270 non
1043 1230 1148 1270 scire
1183 1229 1395 1271 dominum
1426 1230 1633 1279 Abrahae,
1668 1228 1793 1269 deum

285 1300 420 1348 Isaac,
454 1298 579 1339 deum
612 1298 751 1348 Iacob,
787 1297 913 1339 deum
946 1298 1242 1351 apostolorum,
1277 1298 1401 1339 deum
1422 1298 1719 1351 prophetarum
1745 1308 1792 1336 ac
1812 1307 1846 1332 15

284 1367 527 1421 martyrum,
561 1365 635 1407 sed
665 1366 949 1407 idololatriam
979 1379 1052 1419 per
1083 1366 1250 1407 Arrium
1281 1367 1506 1416 inuectam,
1537 1378 1609 1418 per
1630 1366 1672 1405 te
1695 1377 1794 1405 uero

288 1436 542 1476 exaltatam?
582 1434 785 1487 numquid
815 1448 896 1476 non
929 1436 992 1476 est
1022 1435 1168 1488 rapina
1198 1448 1429 1488 pauperum
1467 1436 1569 1475 haec
1605 1433 1671 1473 dei
1703 1444 1793 1474 ser-

286 1517 433 1545 uorum
452 1503 782 1546 Christianorum
800 1503 840 1544 in
861 1503 981 1545 domo
998 1504 1085 1554 tua,
1105 1505 1272 1557 propter
1291 1517 1393 1556 quos
1410 1503 1552 1556 legisti
1570 1502 1794 1554 scriptum:

286 1573 398 1614 beati
414 1585 624 1624 pauperes
643 1572 814 1626 spiritu,
847 1573 1047 1625 quoniam
1067 1573 1256 1625 ipsorum
1277 1576 1335 1614 est
1365 1585 1540 1625 reynum
1571 1570 1792 1620 caelorum,

288 1654 383 1682 cum
416 1641 525 1681 scias
556 1640 598 1680 te
630 1640 902 1693 proscripisse
925 1641 1170 1681 resistentes
1203 1640 1422 1692 sacrilegio
1453 1640 1554 1680 tuo?
1592 1638 1796 1691 numquid
1814 1649 1848 1674 20
1869 1634 1878 1641 '

290 1710 429 1751 dicere
463 1709 659 1750 audebis:
702 1722 787 1750 non
826 1709 906 1762 feci
944 1724 1017 1751 nec
1054 1710 1165 1762 facio
1197 1710 1410 1750 iniuriam
1433 1708 1593 1761 populo
1625 1707 1723 1749 dei?
1756 1707 1796 1747 et

289 1779 381 1832 quis
419 1778 581 1819 tantam
625 1777 848 1830 aliquando
889 1778 989 1819 fecit
1030 1778 1227 1831 quantam
1267 1778 1332 1826 tu,
1382 1778 1451 1830 qui
1493 1789 1626 1828 neque
1659 1775 1797 1816 omnia

288 1859 444 1901 genera
459 1846 762 1887 tormentorum
783 1846 997 1887 inferendo
1022 1845 1232 1901 des<in>is
1262 1858 1396 1898 neque
1419 1845 1534 1886 uarie
1556 1843 1798 1897 puniendo?

346 1915 517 1956 XXXX.
566 1914 786 1955 Noluimus
827 1915 1089 1955 innocentem
1129 1914 1346 1966 tamquam
1385 1926 1502 1954 reum
1533 1913 1698 1966 punire,
1747 1925 1797 1953 ne

288 1984 372 2025 ista
413 1984 453 2024 et
484 1996 557 2024 nos
597 1983 834 2036 percuteret
873 1983 1079 2024 sententia
1119 1995 1223 2035 quae
1258 1994 1326 2023 ore
1360 1982 1494 2023 adhuc
1526 1982 1799 2035 prophetatur
1816 2000 1851 2026 25

291 2053 449 2094 Isaiae:
482 2066 562 2093 uae
593 2052 867 2093 scribentibus
892 2052 1152 2104 nequitiam;
1183 2051 1406 2093 scribentes
1429 2052 1542 2092 enim
1563 2051 1799 2103 nequitiam

292 2121 493 2171 scribunt,
523 2120 782 2163 declinantes
812 2120 1021 2162 iudicium
1037 2133 1277 2172 pauperum
1299 2123 1336 2160 et
1355 2120 1569 2172 rapientes
1589 2120 1799 2160 iudicium

291 2190 500 2244 egentium
524 2189 664 2242 plebis
694 2202 819 2244 meae,
842 2192 887 2230 ut
908 2190 964 2230 sit
984 2189 1076 2230 illis
1097 2189 1234 2230 uidua
1254 2189 1302 2229 in
1324 2189 1529 2240 rapinam
1550 2191 1589 2229 et
1605 2187 1800 2240 pupillus

294 2260 344 2300 in
369 2258 658 2310 direptionem.
689 2260 726 2298 et
747 2258 849 2310 quid
869 2257 1027 2310 facient
1048 2258 1096 2298 in
1116 2257 1226 2298 diem
1248 2257 1548 2298 uisitationis?
1579 2255 1799 2297 tribulatio

293 2327 404 2369 enim
435 2327 553 2368 uobis
583 2340 611 2367 a
643 2325 763 2379 lonye
794 2326 1073 2378 superueniet,
1106 2329 1141 2366 et
1173 2325 1229 2366 ad
1260 2339 1379 2378 quem
1411 2325 1666 2378 refuyietis?
1720 2336 1798 2365 11011
1819 2341 1854 2366 30

292 2395 622 2449 temperauimus
663 2395 734 2436 tuo
777 2395 950 2435 consilio
984 2395 1202 2443 uenenato,
1244 2394 1459 2446 cupientes
1502 2393 1726 2445 confugere
1760 2393 1800 2432 in

429 2499 449 2532 5
476 2498 533 2532 Es.
559 2497 590 2534 3,
620 2498 673 2532 14.
700 2498 740 2530 15
838 2498 880 2531 19
907 2497 1036 2531 Matth.
1064 2497 1095 2536 5,
1122 2496 1142 2529 3
1236 2497 1280 2529 26
1307 2496 1363 2530 Es
1392 2495 1444 2533 10,
1474 2493 1561 2527 1-3

363 2601 384 2635 3
409 2601 496 2634 istut
612 2601 632 2632 5
658 2602 694 2632 at
800 2601 820 2634 6
847 2602 880 2633 et
906 2601 1028 2644 rapina
1053 2621 1095 2624 —
1123 2600 1211 2633 2911
1238 2599 1331 2631 intra
1357 2608 1423 2631 om.
1455 2597 1493 2639 V,
1520 2597 1584 2630 sed
1604 2596 1729 2640 primu
1761 2608 1805 2640 m,

295 2658 386 2692 add.
410 2658 451 2691 in
476 2668 544 2701 my.
570 2657 638 2698 inf.
737 2657 777 2690 17
803 2657 887 2690 haec
914 2668 944 2700 r,
970 2657 1034 2690 hoc
1059 2657 1096 2699 V,
1124 2667 1175 2689 an
1199 2655 1262 2688 hoc
1281 2654 1360 2688 est‘?
1455 2653 1498 2686 23
1525 2652 1654 2686 desinis
1684 2653 1804 2687 Titius

295 2715 337 2748 in
361 2714 474 2757 notis,
500 2713 592 2746 desis
623 2713 673 2746 Vi-
783 2714 900 2747 uariae
1010 2712 1185 2756 puniendo
1213 2711 1361 2754 soi-ipsi,
1393 2708 1605 2753 puniendum
1636 2710 1675 2751 V,
1708 2710 1806 2753 puni-

297 2770 424 2805 endum
448 2770 617 2804 noluimus
642 2781 662 2803 i·
757 2770 800 2803 ‘25
827 2781 905 2804 orae
999 2770 1042 2804 28
1061 2769 1201 2803 uiduam
1218 2780 1261 2803 m.
1283 2771 1300 2802 1
1395 2767 1439 2800 29
1458 2766 1514 2800 die
1533 2767 1713 2800 Latinius

295 2829 340 2863 30
365 2829 450 2862 ‘nim
477 2832 498 2871 (⁹
527 2839 567 2861 m.
594 2829 678 2870 rec.)
