1934 3278
595 236 649 270 De
676 235 797 269 sancto
822 234 1017 269 Athanasio
1042 234 1132 269 liber
1155 234 1180 269 Ι.
1563 236 1644 279 143

138 365 216 406 lari
249 364 413 413 affectu,
445 363 509 405 his
541 363 737 404 cunctam
767 361 947 416 gloriam
968 361 1086 415 regni
1106 360 1169 402 tui
1192 361 1375 410 exhibes,
1409 361 1484 403 hos
1507 363 1643 405 socios

139 433 265 486 atque
296 431 520 486 participes
561 430 615 473 ad
646 430 714 472 dei
757 428 980 471 delendam
1020 428 1300 470 hereditatem
1340 429 1381 470 in
1412 430 1484 472 tuo
1516 443 1644 485 regno

139 501 289 546 habes:
320 499 416 542 illos
446 499 584 541 fecisti
614 498 861 553 locupletes,
893 497 990 539 illos
1023 497 1208 539 extulisti
1230 510 1355 552 supra
1376 510 1520 540 omnes
1541 512 1644 542 con-

140 568 309 610 stitutos
340 568 381 609 in
414 567 687 617 sublimitate,
728 567 805 609 hoc
845 567 910 608 est
949 578 1033 617 eos,
1082 566 1152 620 qui
1190 578 1236 608 se
1277 566 1430 608 uestris
1467 568 1645 610 miscere

102 637 391 679 ⁵censuerunt
428 636 624 678 tenebris.
685 636 813 689 igitur
852 647 947 677 cum
986 635 1043 677 sis
1082 636 1186 677 haec
1228 646 1357 689 agens
1403 649 1510 689 quae
1550 636 1645 678 odio

139 706 293 748 habeat
324 706 440 755 deus,
481 704 689 758 quomodo
722 704 936 746 arbitraris
966 704 1009 745 te
1041 703 1176 746 audiri
1215 716 1338 757 posse
1377 717 1401 745 a
1447 704 1525 746 deo
1559 706 1643 755 aut,

139 774 174 815 si
203 774 355 816 feceris
387 774 708 828 eleemosynam,
741 785 863 826 posse
894 773 972 814 tibi
1002 771 1100 814 ferri
1132 773 1334 826 accepto?
1366 785 1463 814 cum
1495 773 1644 815 audias

139 855 233 883 eum
267 842 428 883 dicere:
460 845 561 883 tuuc
591 843 753 884 orietur
781 842 1044 883 matutinum
1074 841 1217 883 lumen
1247 844 1380 895 tuum,
1409 845 1447 884 et
1476 843 1644 884 sanitas

137 914 213 953 tua
242 912 322 953 cito
351 911 523 964 orietur,
553 914 590 952 et
613 911 835 964 praecedet
865 913 962 952 ante
993 912 1031 950 te
1062 910 1245 962 iustitia,
1277 912 1316 951 et
1344 911 1544 953 maiestas
1573 911 1642 953 dei

89 990 122 1015 ¹0
138 979 417 1022 circumdabit
447 982 496 1021 te.
560 981 659 1020 tunc
696 978 914 1029 clamabis,
961 980 999 1020 et
1035 978 1136 1020 deus
1173 978 1369 1020 exaudiet
1400 981 1449 1022 tc.
1509 979 1647 1022 adhuc

140 1049 322 1101 loquenti
352 1048 429 1090 tibi
457 1049 590 1091 dicet:
619 1061 707 1091 ecce
736 1048 903 1091 adsum.
951 1047 1111 1100 aliquid
1140 1047 1183 1089 te
1216 1060 1359 1089 eorum
1389 1061 1511 1101 posse
1543 1061 1645 1090 con-

139 1117 258 1170 sequi
291 1117 519 1168 arbitraris,
567 1117 907 1171 quandoquidem
946 1129 1025 1158 non
1066 1117 1203 1158 ortum
1242 1116 1319 1158 tibi
1349 1116 1474 1158 fuerit
1503 1117 1645 1158 matu-

138 1185 271 1227 tinum
302 1186 459 1236 lumen,
499 1186 576 1228 sed
616 1187 815 1228 tenebrae
845 1185 1157 1227 inextricabiles
1189 1184 1430 1226 obsederint
1462 1185 1645 1227 animum

138 1254 258 1295 tuum
291 1255 416 1308 atque
446 1254 703 1308 pertexerint
734 1266 918 1296 errorum
950 1253 1183 1307 caligines?
1233 1265 1341 1307 quae
1382 1254 1540 1295 sanitas
1570 1254 1647 1295 tibi

88 1337 121 1362 ιε
140 1323 287 1364 oborta
308 1324 385 1374 est,
408 1336 505 1365 cum
529 1323 587 1365 sis
607 1324 769 1377 positus
790 1323 831 1365 in
854 1323 966 1365 omni
988 1323 1162 1365 uulnere
1183 1323 1344 1374 mortis,
1375 1336 1472 1365 cum
1493 1323 1646 1366 cotidie

141 1393 368 1446 augmenta
397 1393 536 1446 parias
567 1393 812 1435 uulneribus
842 1392 941 1443 tuis,
980 1405 1076 1434 cum
1116 1392 1220 1434 dans
1260 1405 1430 1446 operam
1461 1391 1532 1443 sis,
1565 1404 1646 1445 quo

140 1461 275 1513 possis
306 1462 472 1515 penitus
502 1462 634 1503 temet
665 1462 936 1515 extinguere?
966 1461 1085 1503 nobis
1108 1462 1264 1504 etenim
1285 1474 1366 1504 non
1389 1461 1558 1503 aliunde
1582 1461 1646 1503 est

140 1530 310 1579 sanitas,
343 1530 422 1572 nisi
453 1531 585 1584 primo
615 1531 657 1572 in
687 1530 781 1572 loco
814 1531 913 1584 quia
944 1530 1260 1581 crediderimus,
1301 1531 1347 1572 ut
1378 1530 1646 1573 crediderunt

138 1599 399 1651 patriarchae
432 1600 661 1652 prophetae
695 1599 873 1652 apostoli
905 1612 952 1641 ac
984 1600 1202 1654 martyres.
1264 1600 1472 1653 quomodo
1503 1601 1643 1653 potest

86 1667 180 1709 ἑοῖο
210 1667 464 1720 praecedere
494 1668 669 1718 iustitia,
701 1681 799 1709 cum
829 1669 943 1710 totus
975 1668 1015 1709 in
1047 1668 1253 1710 iniustitia
1283 1669 1341 1710 sis
1377 1681 1641 1722 permanens,

139 1747 235 1776 cum
257 1737 418 1778 sentina
441 1737 497 1778 sis
519 1736 684 1778 Arriani
707 1737 929 1791 dogmatis,
962 1750 1057 1778 cum
1091 1737 1423 1780 Christianorum
1454 1737 1511 1779 sis
1534 1737 1646 1779 fusor

139 1805 381 1858 sanguinis?
423 1805 630 1859 quomodo
660 1807 702 1847 te
734 1806 934 1848 maiestas
958 1806 1025 1848 dei
1057 1806 1351 1855 circumdabit,
1384 1818 1479 1847 cum
1514 1818 1644 1860 expu-

138 1884 270 1925 gnans
300 1873 434 1927 ipsam
466 1874 734 1915 maiestatem
765 1874 836 1924 sis,
869 1886 994 1927 quam
1036 1873 1329 1927 derelinquens
1359 1874 1643 1916 idololatriam

139 1941 303 1983 Arriani
336 1942 545 1996 dogmatis
567 1943 780 1996 suscipere
802 1943 1043 1984 censueris?
1075 1942 1283 1996 quomodo
1304 1944 1402 1985 tunc
1426 1942 1643 1992 clamabis,

87 2010 183 2054 25615
213 2010 316 2052 deus
349 2011 546 2053 exaudiet
580 2012 635 2063 te,
684 2011 819 2053 adhuc
858 2011 1046 2065 loquenti
1084 2011 1161 2053 tibi
1200 2011 1333 2053 dicet:
1373 2025 1442 2066 eqo
1479 2012 1644 2060 adsum,

140 2090 235 2120 cum
276 2079 332 2121 sis
372 2091 529 2134 negans
569 2080 694 2121 deum
731 2080 915 2133 patrem,
962 2091 1120 2133 negans
1160 2080 1327 2122 unicum
1368 2080 1502 2122 filium
1542 2079 1644 2128 eius,

140 2159 296 2201 negans
327 2149 520 2190 sanctum
551 2148 799 2202 paraclitum
832 2148 1051 2202 spiritum?
1102 2149 1309 2202 quomodo
1342 2150 1414 2191 aut
1446 2148 1642 2191 exaudire

140 2216 182 2257 te
213 2217 365 2269 poterit
397 2218 469 2258 aut
500 2217 640 2259 dicere
670 2218 767 2259 tibi:
806 2231 892 2260 ecce
930 2219 1093 2269 adsum,
1135 2231 1230 2260 cum
1263 2218 1407 2267 uertis,
1441 2218 1645 2271 quantum

143 2284 253 2338 apud
284 2286 326 2327 te
359 2286 444 2335 est,
487 2286 576 2327 eius
614 2286 882 2340 religionem,
922 2299 1018 2328 cum
1051 2287 1140 2329 eius
1172 2286 1382 2328 antistites
1413 2285 1643 2328 catholicos

90 2354 370 2395 soremoueris
412 2355 454 2395 et
492 2355 727 2397 haereticos
766 2355 1060 2397 constitueris?
1121 2355 1328 2409 quomodo
1366 2357 1408 2396 te
1447 2354 1642 2396 exaudiet

278 2501 298 2536 8
324 2502 381 2536 Es.
408 2503 462 2541 58,
490 2503 520 2537 8.
546 2504 567 2536 9

212 2641 230 2674 1
257 2639 372 2674 exibes
491 2640 512 2673 5
536 2639 641 2675 hodio
759 2642 779 2675 6
805 2641 925 2676 audire
1051 2643 1069 2675 7
1097 2643 1321 2687 elymosinam
1439 2626 1527 2697 ferre¹
1554 2644 1571 2686 (ἰ
1602 2654 1644 2675 ne.

143 2724 226 2762 rec.)
325 2721 366 2754 14
392 2722 626 2764 praetexerint
643 2722 730 2764 fort.
828 2704 938 2756 erssiim
957 2724 996 2766 (m
1014 2734 1057 2757 m.
1076 2727 1109 2764 1)
1205 2723 1353 2767 caligine
1372 2723 1552 2757 Latinius

145 2778 186 2812 19
210 2778 403 2822 patriarcae
495 2777 540 2813 23
565 2778 764 2814 idolatriam
857 2779 900 2813 27
925 2779 1079 2815 exaudiri
1102 2792 1147 2814 m.
1175 2784 1191 2815 1
1286 2781 1330 2814 29
1355 2783 1439 2825 aput
1462 2793 1507 2815 m.
1535 2785 1551 2815 1

144 2846 328 2881 antestites
359 2858 402 2880 m.
429 2850 446 2880 1
541 2846 585 2880 30
610 2826 801 2882 remoueres
829 2848 847 2891 (¹
874 2860 918 2882 m.
943 2853 1028 2891 rec.)
