1934 3278
662 172 716 207 De
743 172 882 217 regibus
908 173 1124 217 apostaticis.
1591 174 1646 216 63

142 312 293 341 norum
324 298 590 350 adflixerunt
608 300 645 339 et
665 297 804 339 bouem
825 298 983 339 uiduae
1001 298 1354 353 piynerauerunt.
1388 312 1539 353 ayrum
1558 312 1646 341 non

141 380 266 408 suum
287 369 387 408 ante
408 369 569 419 tempus
589 366 765 408 demessi
785 369 896 417 sunt,
930 369 967 408 et
989 369 1204 422 coeyerunt
1227 366 1414 409 homines
1434 368 1484 409 in
1503 368 1646 410 uineis

142 435 232 476 suis
259 435 397 489 qratis
430 435 614 488 operari.
646 437 683 476 et
713 434 866 476 multos
904 435 1253 488 despoliauerunt
1289 438 1326 477 et
1365 437 1646 479 esurientibus

133 516 294 556 panem
327 503 603 556 abstulerunt,
635 506 675 545 et
704 504 753 544 in
782 503 980 556 faucibus
1018 504 1163 545 multis
1193 504 1449 556 obsederunt,
1490 508 1527 546 et
1557 518 1645 547 non

108 583 126 610 5
143 571 443 613 intellexerunt
473 572 593 613 uiam
623 572 826 614 iustitiae.
859 572 1139 614 maledicatur
1161 586 1273 625 pars
1296 572 1467 614 illorum
1490 573 1538 614 in
1562 577 1643 615 ter-

142 641 214 683 ris.
276 653 384 692 quae
414 643 474 681 est
503 640 615 681 enim
645 653 739 693 spes
771 641 918 693 impiis
948 640 1187 683 hominibus
1218 644 1294 682 aut
1323 655 1445 694 quem
1476 641 1642 683 aditum

135 711 317 761 possunt
336 708 483 750 habere
504 708 622 761 apud
652 708 905 750 dominum?
936 709 1007 750 sed
1038 712 1074 750 et
1104 710 1142 750 si
1172 709 1551 761 corroborauerint,
1584 710 1641 752 ad

141 777 346 832 eyentiam
382 777 577 827 uenient,
627 779 667 818 et
703 778 776 830 qui
814 779 1097 819 remanserint
1135 791 1184 819 ex
1221 778 1313 820 illis
1358 779 1477 820 mala
1515 781 1644 820 morte

142 847 387 899 morientur,
410 849 447 887 et
468 846 614 888 uiduis
636 845 810 888 illorum
830 860 949 888 nemo
971 847 1244 897 miserebitur,
1276 850 1313 889 et
1333 847 1371 888 si
1402 846 1644 889 collexerint

92 923 125 949 1⁰
143 928 298 958 aurum
330 918 405 956 aut
435 917 658 969 arqentum
679 918 898 968 tamquam
921 916 1069 965 lutum,
1094 916 1194 958 haec
1216 916 1361 957 omnia
1383 916 1487 957 iusti
1505 916 1642 968 poss-i·

142 983 309 1027 debunt.
350 996 401 1024 ne
422 983 566 1037 itaque
591 983 676 1024 iam
701 983 884 1037 digneris
906 984 1059 1026 iniuste
1079 985 1155 1026 tibi
1178 984 1371 1033 blandiri,
1403 984 1643 1037 imperator,

143 1052 240 1105 quia
273 1051 381 1094 enim
423 1052 480 1093 sis
518 1051 630 1101 talis,
674 1052 841 1105 qualem
884 1052 1242 1098 adseuerauimus,
1285 1052 1327 1093 et
1359 1052 1572 1094 arbitreris
1602 1053 1645 1094 te

142 1120 398 1162 homicidam
432 1133 478 1162 ac
512 1120 766 1175 sacrilegum
798 1122 1018 1174 propterea
1050 1121 1286 1163 diutissime
1319 1121 1472 1174 degere
1502 1121 1544 1162 in
1565 1121 1643 1162 hac

141 1188 243 1239 uita,
277 1189 388 1242 quod
421 1189 531 1230 enim
561 1190 636 1231 tua
667 1202 793 1243 opera
824 1190 906 1231 sint
938 1190 1015 1232 deo
1049 1191 1234 1243 accepta.
1267 1189 1372 1231 talia
1403 1190 1499 1231 sunt
1520 1202 1647 1243 opera

91 1264 125 1289 1⁵
141 1259 228 1307 tua,
263 1258 405 1312 qualia
437 1259 479 1299 et
508 1258 690 1310 illorum,
730 1259 771 1300 in
814 1271 920 1313 quos
956 1259 1166 1300 inuehitur
1206 1271 1275 1300 ore
1306 1258 1444 1300 Isaiae
1477 1258 1647 1312 spiritus

143 1328 314 1369 sanctus
356 1326 522 1369 dicens:
568 1328 629 1370 sic
667 1328 771 1369 dicit
810 1328 1008 1370 dominus
1043 1328 1118 1381 qui
1150 1327 1349 1369 liberauit
1389 1316 1438 1380 te,
1472 1330 1645 1369 sanctus

142 1394 309 1437 Israel:
339 1410 410 1450 eyo
443 1409 536 1437 sum
567 1397 682 1447 deus,
715 1396 882 1437 ostendi
916 1396 992 1437 tibi
1020 1396 1142 1436 uiam
1172 1396 1221 1436 in
1250 1409 1335 1449 qua
1366 1395 1575 1447 ambules,·
1606 1398 1646 1437 et

141 1463 179 1505 si
209 1464 400 1506 audisses
431 1465 640 1507 mandata
669 1479 777 1519 mea,
808 1466 927 1519 facta
957 1464 1109 1517 fuisset
1137 1467 1186 1506 ut
1210 1464 1373 1517 fluuius
1395 1478 1491 1518 pax
1511 1468 1589 1506 tua
1610 1467 1647 1507 et

142 1532 312 1575 iustitia
341 1537 391 1575 ut
415 1533 571 1585 fluctus
602 1535 751 1587 maris,
787 1537 827 1575 et
854 1535 1018 1587 factum
1056 1536 1157 1575 esset
1195 1534 1306 1576 sicut
1343 1546 1478 1574 arena
1508 1533 1644 1574 maris

92 1610 278 1643 ”semen
311 1605 430 1643 tuum
461 1605 501 1643 et
531 1602 627 1643 nati
659 1602 826 1643 uentris
856 1602 932 1642 tui.

200 1670 294 1711 XII.
329 1670 426 1721 Sed,
457 1670 609 1723 inquis,
641 1670 744 1711 haec
779 1669 832 1711 ad
854 1669 1036 1711 Iudaeos
1059 1668 1173 1710 dicta
1194 1669 1303 1717 sunt,
1327 1681 1474 1722 nempe
1499 1667 1552 1709 ad
1575 1679 1646 1709 eos

143 1751 318 1791 quorum
348 1740 390 1780 te
422 1739 560 1781 fecisti
590 1738 859 1780 imitatorem.
914 1738 955 1778 et
985 1750 1106 1786 nune,
1138 1739 1187 1779 ut
1208 1739 1272 1780 est
1302 1739 1446 1779 crebro
1471 1738 1644 1787 dictum,

143 1807 259 1848 muta
289 1808 499 1862 malignas
529 1807 622 1849 uias
653 1807 763 1857 tuas,
797 1806 922 1847 crede
954 1807 1001 1847 ut
1031 1807 1167 1848 credit
1198 1808 1343 1848 sancta
1375 1806 1568 1856 ecclesia,
1604 1806 1646 1847 et

142 1875 183 1916 in
215 1876 407 1918 omnibus
436 1877 513 1918 tibi
545 1876 851 1930 propitiabitur.
903 1875 1006 1917 dicit
1028 1875 1136 1917 enim
1157 1875 1267 1928 ipse:
1302 1875 1566 1917 reuertimini
1587 1874 1644 1916 ad

93 1951 128 1980 ²³
143 1957 207 1985 me
238 1958 288 1986 ex
320 1948 399 1987 toto
431 1946 552 1987 corde
583 1948 721 1986 uestro
746 1945 958 1998 simulque
978 1948 1015 1986 et
1036 1945 1195 1986 ieiunio
1219 1947 1258 1986 et
1274 1944 1373 1995 fletu
1393 1947 1430 1985 et
1444 1943 1644 1996 planctu,

144 2016 183 2053 et
211 2013 438 2055 discindite
470 2015 600 2056 corda
631 2016 775 2055 uestra
815 2016 854 2055 et
883 2026 968 2054 non
999 2014 1261 2055 uestimenta.
1312 2012 1525 2054 reuertere
1556 2011 1644 2052 toto

144 2083 269 2124 eorde
303 2082 357 2124 ad
379 2082 518 2132 deum,
554 2082 780 2135 adquiesce
807 2082 872 2123 his
904 2082 1142 2124 salubribus
1163 2080 1361 2122 remediis
1385 2080 1437 2121 ad
1460 2079 1645 2121 criminis

143 2151 205 2192 tui
220 2151 554 2205 intellegentiam
571 2150 925 2204 conspiciendam,
951 2151 1063 2204 aperi
1081 2150 1219 2191 cordis
1237 2149 1392 2198 oculos,
1416 2148 1646 2201 ingemisce

143 2220 231 2261 toto
249 2220 374 2261 corde
396 2221 485 2261 tam
500 2220 543 2261 te
564 2219 751 2273 grauiter
771 2219 998 2272 deliquisse
1016 2219 1240 2272 colligen83
1264 2219 1361 2259 tune
1384 2217 1445 2258 tui
1468 2216 1645 2257 misere-

92 2287 254 2329 ⁸⁰bitur
284 2288 356 2329 ille
389 2288 459 2341 qui
493 2288 617 2329 dicit:
665 2302 761 2330 cum
793 2301 1018 2330 conuersus
1057 2287 1323 2341 inyemueris,
1368 2289 1468 2326 tnnc
1498 2284 1648 2325 saluus

142 2357 226 2398 eris
257 2361 294 2398 et
317 2358 419 2399 scies
449 2357 521 2398 ubi
550 2358 699 2410 fueris.
731 2357 1000 2397 reminiscere
1034 2356 1111 2397 deo
1145 2355 1329 2396 dicatum
1363 2352 1515 2394 dixisse
1549 2363 1647 2404 pro-

143 2425 334 2477 phetam:
366 2426 463 2467 nolo
493 2428 666 2466 mortem
705 2426 934 2474 morientis,
980 2425 1084 2466 dicit
1114 2425 1323 2473 (lominus,
1363 2425 1567 2474 quantum
1603 2423 1647 2460 ut

281 2526 393 2560 6101).
410 2526 466 2567 24,
486 2527 539 2563 18.
564 2527 618 2569 27,
638 2528 669 2561 8.
690 2527 730 2559 14
822 2527 862 2560 16
881 2526 938 2560 Es.
954 2527 1010 2565 48,
1031 2526 1163 2559 17—19
1249 2524 1290 2557 ‘24
1310 2523 1379 2558 Ioel
1398 2524 1430 2563 2,
1452 2523 1504 2557 12.
1524 2523 1566 2558 13

144 2582 188 2616 30
215 2584 271 2617 Es.
296 2584 351 2623 30,
380 2584 423 2619 15
514 2583 559 2618 32
584 2584 642 2619 ΕΖ.
668 2584 722 2620 33,
754 2584 790 2617 ll

213 2663 234 2696 8
258 2664 402 2698 uenient
428 2665 503 2707 (alt.
523 2675 541 2698 e
559 2675 603 2698 ea:
621 2675 642 2698 a
659 2668 767 2709 corr.)
862 2663 902 2696 12
920 2663 1012 2696 enim
1030 2663 1177 2707 scripsi,
1196 2673 1272 2696 cum
1296 2662 1345 2695 Vc
1441 2662 1482 2695 14
1499 2662 1582 2705 sint]
1603 2661 1648 2694 sit

145 2735 239 2765 recte
264 2731 350 2774 fort.
450 2734 490 2767 19
514 2734 555 2767 ut
582 2744 611 2769 υ,
638 2734 700 2766 aut
732 2734 760 2765 V
858 2730 902 2764 22
928 2714 992 2764 nunc
1019 2732 1048 2766 V
1130 2731 1173 2763 ‘29
1191 2728 1404 2764 miseribitur
1490 2729 1530 2763 31
1552 2729 1649 2762 remi-

146 2787 277 2821 niscere
303 2800 369 2823 om.
395 2801 415 2823 v
