1934 3278
402 223 455 258 De
481 234 550 258 non
575 223 749 268 parcendo
774 224 811 257 in
837 223 940 258 deum
969 223 1265 268 delinquentibus.
1509 225 1591 269 257

83 363 155 393 ore
186 348 411 405 prophetae
443 348 603 390 futuros
633 349 823 402 pastores
853 349 972 402 gregi
995 361 1068 390 suo
1092 349 1255 391 dicens:
1288 353 1326 392 et
1347 350 1452 392 dabo
1474 351 1593 393 uobis

79 421 271 473 pastores
309 417 536 459 secundum
567 429 636 458 cor
665 430 821 467 meum,
868 420 905 458 et
940 420 1120 470 pascent
1147 430 1221 459 uos
1245 422 1466 472 pascentes
1496 432 1593 461 cum

85 487 339 540 disciplina,
383 487 525 527 tacere
567 485 787 536 decuerat,
833 498 884 526 ne
922 484 1001 527 tibi
1043 485 1097 527 ad
1126 486 1376 529 mactandas
1407 487 1592 530 uenienti

84 555 230 598 rabido
260 555 357 608 lupo
390 554 458 596 dei
490 567 590 596 oues
623 554 844 596 fuissemus
876 554 955 596 uisi
984 554 1242 597 insolentes?
1272 555 1423 597 mulier
1446 568 1494 598 eo
1518 569 1591 598 us-

51 636 166 680 5que
211 624 341 667 corda
384 623 571 666 incendit
617 624 684 665 dei
727 636 866 665 amore
912 623 1113 673 filiorum,
1161 624 1381 666 uteorum
1420 625 1592 667 interitu

85 693 215 748 gladii
249 693 395 735 fuisset
424 693 558 746 potita
588 693 882 736 uictoriarum:
916 692 960 734 et
984 705 1056 735 nos
1084 692 1239 735 Christi
1273 693 1412 735 dicere
1443 694 1591 735 militi-

85 764 163 806 bus
184 763 312 804 fuisse
334 774 564 816 congruum
588 762 813 804 arbitratus
841 774 907 804 es:
938 762 1068 804 nolite
1098 776 1224 804 arma
1253 775 1415 804 sumere
1445 766 1595 805 contra

87 832 385 876 Constantium
424 831 587 873 diaboli
625 830 872 880 satellitem,
918 831 1046 873 nolite
1088 832 1277 873 resistere
1317 832 1471 885 templo
1503 845 1593 873 om-

88 901 208 943 nium
239 901 512 953 daemonum3
540 901 677 954 mayis
708 903 847 942 autem
878 900 1008 953 facite
1037 913 1319 953 quaecumque
1339 900 1435 954 fieri
1459 914 1590 953 prae-

36 983 70 1009 ιο
88 970 248 1023 ceperit.
299 982 406 1023 quae
437 970 541 1010 haec
575 970 639 1010 est
669 969 811 1010 nostra
843 968 1129 1018 contumacia,
1177 968 1211 1010 si
1251 968 1436 1010 officium
1473 969 1593 1011 nobis

89 1037 330 1092 delegatum
363 1051 388 1080 a
419 1037 496 1079 deo
528 1037 710 1078 nitamur
740 1037 937 1090 implere,
976 1037 1011 1078 si
1045 1037 1222 1090 denique
1252 1037 1375 1079 istius
1404 1038 1593 1079 mulieris

86 1107 319 1149 imitatores
351 1107 551 1148 fuerimus
572 1106 760 1147 inuenti?
790 1107 836 1146 tu
859 1106 923 1147 uis
946 1106 1112 1148 diabolo
1134 1106 1301 1159 placere
1341 1107 1459 1148 cuius
1491 1120 1594 1160 opus

86 1176 284 1218 inueniris
322 1175 554 1223 celebrare,
601 1187 676 1216 nos
714 1174 885 1215 minime
940 1175 1004 1216 uis
1052 1174 1130 1217 deo
1175 1175 1279 1216 haec
1326 1175 1368 1217 te
1409 1176 1593 1229 gerendo

87 1246 231 1287 contra
262 1244 353 1286 fieri
386 1244 714 1297 acceptissimos.
769 1243 803 1284 si
834 1243 877 1285 te
910 1243 1047 1285 adhuc
1090 1244 1254 1293 mouet,
1301 1256 1375 1284 cur
1407 1244 1517 1297 quod
1550 1257 1594 1287 es

35 1328 69 1355 1⁵
88 1314 250 1356 noceris
283 1326 307 1354 a
336 1313 476 1363 nobis,
521 1312 663 1366 accipe
697 1312 825 1354 etiam
857 1312 908 1353 ab
939 1311 1012 1353 illo
1045 1312 1222 1365 septimo
1253 1312 1375 1354 huius
1405 1313 1594 1355 mulieris

88 1384 147 1426 sic
179 1382 442 1424 clamitatum
475 1382 621 1423 contra
650 1382 903 1424 Antiochum
935 1381 1043 1423 filio:
1077 1381 1311 1424 Antiochus
1332 1385 1472 1424 autem
1493 1395 1593 1425 con-

87 1453 220 1495 temni
258 1452 495 1493 arbitratus
536 1454 573 1492 et
611 1452 702 1493 eius
740 1465 848 1504 quae
888 1451 1135 1503 increpabat
1164 1464 1307 1493 uocem
1348 1451 1593 1506 despiciens,

89 1535 182 1563 cum
220 1520 358 1562 adhuc
398 1520 702 1562 adolescentior
739 1523 988 1575 superesset,
1036 1533 1123 1561 non
1159 1520 1298 1562 uerbis
1344 1520 1595 1562 hortabatur

88 1593 269 1644 tantum,
302 1589 373 1631 sed
404 1590 530 1630 etiam
563 1602 656 1630 cum
686 1589 928 1630 iuramento
959 1589 1214 1642 adfirmabat
1237 1589 1418 1631 diuitem
1441 1592 1478 1631 et
1499 1589 1593 1631 bea-

34 1669 70 1696 ιο
88 1663 176 1701 tum
207 1659 436 1711 facturum,
468 1658 791 1700 translaturum
822 1671 850 1699 a
878 1658 1038 1710 patriis
1067 1660 1105 1699 et
1126 1657 1330 1710 hospitem
1349 1658 1595 1701 habiturum

16 1740 22 1747 ·
88 1732 126 1771 et
161 1741 228 1770 res
266 1727 528 1769 necessarias
568 1727 843 1769 crediturum.
896 1727 967 1768 sed
1005 1726 1062 1768 ad
1101 1727 1187 1768 ista
1226 1726 1478 1769 adolescente
1508 1741 1596 1770 non

91 1797 327 1839 intendente
347 1796 518 1837 uocauit
539 1798 717 1837 matrem
747 1798 787 1837 et
814 1795 1028 1849 suadebat,
1059 1798 1109 1837 ut
1133 1796 1384 1838 adolescenti
1406 1796 1522 1849 fieret
1541 1797 1592 1838 in

87 1866 277 1909 salutem.
327 1878 422 1907 cum
452 1867 594 1906 autem
623 1864 771 1906 multis
809 1867 911 1906 esset
948 1863 1161 1915 hortatus,
1207 1865 1388 1918 suscepit
1418 1865 1594 1908 suadere

88 1949 129 1978 se
158 1934 311 1988 filium.
362 1934 505 1986 itaque
535 1933 752 1976 inclinata
783 1934 840 1975 ad
869 1933 995 1974 illum
1025 1933 1172 1975 derisit
1203 1933 1413 1976 crudelem
1442 1937 1594 1988 tyran-

37 2016 72 2043 2⁵
90 2018 194 2046 num
223 2007 259 2046 et
289 2005 356 2046 ait
377 2003 532 2056 patria
562 2015 683 2045 uoce:
722 2002 809 2056 fili,
842 2004 1037 2045 miserere
1067 2003 1159 2052 mei,
1201 2016 1308 2055 quae
1338 2006 1375 2044 te
1404 2004 1453 2045 in
1481 2006 1597 2046 utero

90 2074 298 2115 mensibus
342 2072 478 2115 decem
515 2072 696 2125 portaui
732 2075 772 2114 et
811 2073 878 2114 lac
924 2073 1110 2115 triennio
1150 2072 1247 2114 dedi
1284 2075 1321 2113 et
1361 2072 1453 2114 alui
1483 2076 1520 2115 et
1549 2077 1597 2116 in

91 2145 268 2184 aetatem
299 2143 428 2183 istam
451 2141 652 2194 perduxi.
700 2144 805 2194 peto,
837 2144 950 2190 nate,
990 2141 1180 2194 aspicias
1209 2142 1259 2182 in
1289 2141 1451 2183 caelum
1481 2144 1519 2183 et
1549 2142 1597 2184 in

93 2213 250 2254 terram
281 2214 317 2252 et
348 2211 540 2253 omnibus
568 2224 675 2264 quae
704 2211 755 2251 in
784 2210 844 2252 eis
874 2213 975 2251 sunt
1005 2210 1208 2262 inspectis
1238 2210 1473 2263 intelleyere
1494 2211 1597 2264 quia

91 2293 141 2322 ex
171 2280 308 2322 nihilo
339 2280 436 2333 fecit
467 2279 549 2321 illa
577 2279 680 2321 deus
708 2282 748 2321 ct
788 2279 1008 2321 hominum
1044 2291 1175 2332 yenus
1212 2279 1277 2319 ita
1314 2278 1376 2332 fit.
1428 2282 1473 2320 ut
1511 2292 1597 2321 non

228 2383 244 2416 1
273 2382 366 2417 Hier.
391 2381 424 2419 3,
453 2382 494 2415 15
590 2382 631 2416 16
656 2380 690 2415 11
714 2380 828 2416 Mach.
855 2382 886 2417 7.
913 2379 1050 2415 24—38

158 2497 180 2531 6
204 2497 323 2540 gaudii
349 2497 441 2531 coni.
472 2496 702 2531 Gallamlius
818 2495 839 2529 9
865 2505 1116 2539 quamcumque
1150 2495 1189 2535 V,
1216 2505 1279 2529 em.
1308 2506 1325 2528 ι·
1444 2495 1483 2529 11
1512 2493 1597 2528 deli-

92 2558 211 2599 gatum
306 2554 347 2589 13
365 2554 699 2598 interpunctionem
713 2556 798 2596 post
817 2552 958 2585 minime
976 2552 1114 2587 sustuli
1208 2554 1243 2585 tc
1262 2553 1382 2585 contra
1400 2552 1458 2585 uel
1475 2554 1598 2585 contra

92 2614 127 2646 te
151 2611 183 2646 h.
209 2622 242 2656 g.
269 2615 451 2656 ‹za-spectes
548 2612 589 2645 16
615 2610 814 2654 contempni
925 2609 966 2643 18
992 2609 1175 2643 ortabatur
1278 2608 1322 2642 ‘20
1346 2608 1597 2643 translaturum

99 2668 139 2708 V,
163 2669 408 2703 translatorem
436 2680 453 2702 ι·
478 2668 542 2703 sed
567 2668 818 2702 translaturam
843 2668 883 2701 in
911 2667 1009 2701 uotis
1035 2667 1115 2708 ads.
1146 2666 1264 2700 Tilius
1395 2665 1435 2699 21
1465 2665 1600 2699 adoles-

92 2727 228 2759 centem
254 2735 321 2760 non
347 2724 589 2760 intendentem
622 2725 683 2765 Vv,
709 2736 771 2760 em.
801 2724 915 2759 (foleti
1019 2723 1063 2757 28
1088 2722 1248 2757 omnibus
1276 2734 1304 2761 r,
1331 2722 1448 2757 omnia
1480 2723 1512 2756 V

94 2781 137 2815 29
151 2785 237 2826 post
253 2793 362 2827 genus
389 2783 591 2828 distinquit
616 2794 647 2826 v,
679 2782 744 2816 sed
770 2782 818 2824 cf.
847 2781 1031 2826 Cypriani
1057 2780 1107 2814 ad
1132 2780 1292 2815 Fortun.
1314 2791 1352 2824 p.
1378 2782 1458 2819 341,
1490 2797 1501 2815 ι

95 2839 157 2872 fiet
182 2851 201 2873 υ

169 2906 275 2942 XIIII.
1419 2905 1460 2939 17
