1934 3278
634 201 686 236 De
711 200 850 246 regibus
875 203 1089 247 apostaticis.
1554 209 1612 252 45

107 327 308 380 Ammon,
349 329 387 369 et
417 339 503 369 non
533 326 640 369 abiit
670 327 718 369 in
748 328 846 370 uias
877 342 1004 379 meas,
1044 332 1091 371 ut
1120 330 1275 382 faceret
1306 333 1417 384 quod
1446 336 1606 376 rectum

107 399 164 438 est
195 410 335 439 coram
365 409 442 448 me,
473 396 581 438 sicut
610 396 709 450 fecit
738 396 891 440 Dauid
912 402 1041 451 pater
1072 400 1175 442 eius.
1208 402 1246 442 et
1276 413 1364 442 non
1394 403 1608 456 accipiam

105 477 280 519 requam
312 468 441 508 totum
463 465 513 508 de
530 478 663 508 manu
684 466 774 508 eius
793 467 840 508 in
856 467 998 510 dicbus
1019 468 1135 510 uitae
1156 469 1245 511 eius
1257 473 1435 522 propter
1455 470 1610 515 Dauid

105 547 273 576 seruum
318 549 453 577 mcum
497 549 616 589 quem
653 536 769 592 eleyi,
817 538 1020 591 quoniam
1057 541 1202 580 contra
1238 538 1402 591 faciam
1432 538 1502 581 illi
1526 553 1606 593 per

70 614 85 638 ⁵
104 616 241 646 omnes
269 604 359 646 dies
389 608 506 649 uitae
534 606 635 650 cias.
667 609 707 649 et
736 606 949 659 accipiam
978 619 1154 661 reynum
1183 606 1233 649 dc
1262 620 1396 648 manu
1413 606 1481 661 fili
1500 608 1605 658 cius,

104 677 141 715 ct
170 674 276 717 dabo
309 676 383 718 tibi
412 680 578 731 sceptra
608 677 762 730 decem,
790 675 884 729 filio
914 679 1055 718 autem
1086 676 1176 718 eius
1197 676 1301 719 dabo
1318 674 1401 718 duo
1423 679 1603 730 sceptra,

102 746 147 784 ut
177 744 233 785 sit
254 745 412 797 positio
441 758 562 788 seruo
591 759 681 788 meo
712 745 866 788 Dauid
896 744 1088 786 omnibus
1117 745 1261 787 dicbus
1291 759 1434 788 coram
1463 759 1526 788 mc
1555 745 1607 786 in

103 812 373 856 Hierusalem
393 814 578 864 ciuitate,
600 827 731 867 quam
751 813 854 868 eleqi
875 814 994 868 mihi,
1017 817 1064 856 ut
1081 827 1278 867 ponerem
1295 828 1446 858 nomen
1466 826 1604 856 meum

101 881 172 923 ibi
204 884 239 923 et
271 883 480 935 accipiam
510 885 548 924 te
577 886 614 925 et
651 882 850 938 reynabis
887 884 934 925 iri
971 884 1120 936 quibus
1158 885 1413 938 concupiscit
1451 883 1603 925 anima

50 961 82 987 10
101 952 188 1002 tua,
220 954 258 992 et
288 954 334 993 tu
364 952 447 995 eris
476 965 552 994 rea:
572 953 620 994 in·
640 952 793 995 Israel.
823 955 860 994 et
880 953 962 994 erit
980 953 1019 994 si
1040 953 1287 996 custodieris
1307 953 1453 995 omnia
1473 964 1602 1005 quae-

100 1031 272 1072 cumque
296 1033 546 1074 praecepero
576 1021 654 1064 tibi
684 1024 722 1063 et
750 1022 853 1063 ieris
892 1022 940 1063 in
969 1026 1068 1064 uias
1098 1035 1212 1064 meas
1249 1025 1286 1064 et
1315 1022 1463 1075 feceris
1492 1020 1605 1076 quod

100 1093 256 1134 rectum
300 1095 358 1134 est
407 1092 457 1133 in
503 1094 722 1144 conspecta
766 1104 854 1133 mco
892 1094 930 1134 et
966 1091 1212 1133 custodieris
1242 1094 1472 1144 praccepta
1507 1104 1601 1133 mea

104 1165 139 1203 et
171 1160 381 1203 mandata
409 1174 514 1213 mea,
551 1161 660 1203 sicut
689 1160 787 1214 fecit
815 1159 969 1203 Dauid
989 1173 1136 1202 seruus
1157 1173 1284 1213 meus,
1315 1163 1353 1202 et
1374 1173 1442 1202 ero
1463 1162 1597 1202 tecum

100 1234 139 1274 ct
167 1230 396 1284 aedificabo
426 1230 503 1272 tibi
522 1231 694 1273 domum
714 1230 893 1283 fidelem,
924 1230 1033 1272 sicut
1052 1230 1280 1283 aedificati-i
1298 1228 1464 1272 Dauid.
1504 1241 1599 1270 cum

50 1310 81 1335 ¹⁵
101 1300 281 1342 audierit
310 1300 413 1342 haec
451 1312 474 1341 a
505 1300 582 1342 deo
614 1300 736 1341 homo
760 1300 874 1341 ortus
897 1299 966 1353 qui
992 1298 1117 1341 fuerit
1141 1311 1188 1341 ex
1210 1298 1444 1349 meretrice,
1476 1299 1600 1340 homo

99 1370 168 1424 qui
201 1382 244 1411 se
276 1369 524 1411 meminerat
554 1369 698 1410 natum
733 1368 783 1410 de
815 1381 967 1422 genere
991 1368 1146 1418 seruili,
1180 1367 1394 1422 numquid,
1427 1369 1597 1421 postea-

99 1450 223 1492 quam
253 1437 428 1491 impleta
459 1439 556 1479 sunt
587 1438 725 1480 omnia
757 1450 864 1491 quae
896 1438 1146 1491 promiserat
1177 1438 1381 1486 dominus,
1421 1437 1483 1479 illi
1529 1436 1597 1490 qui

99 1508 175 1549 sibi
206 1509 326 1549 tanta
355 1507 603 1561 promiserat
636 1508 699 1549 est
731 1507 1067 1549 obsecundatus?
1100 1508 1141 1548 et
1171 1520 1250 1549 non
1282 1507 1425 1548 statim
1455 1508 1502 1547 ut
1525 1519 1597 1548 ex-

101 1576 276 1617 altatum
308 1589 353 1618 se
383 1577 504 1625 uidit,
546 1577 691 1618 contra
730 1576 868 1630 ipsum
901 1575 1142 1629 auspicatus
1176 1577 1267 1618 est‘?
1327 1588 1407 1618 non
1439 1575 1596 1626 statim,

46 1658 78 1682 20
99 1645 305 1699 quomodo
338 1645 486 1687 fuisset
519 1645 622 1687 deus
657 1645 883 1687 derelictus
924 1646 975 1687 ab
1009 1645 1200 1687 omnibus
1233 1644 1462 1686 cultoribus
1495 1644 1595 1695 suis⁷

98 1726 223 1768 opera
255 1715 319 1756 est
352 1714 451 1755 data
481 1727 553 1767 per
584 1714 868 1756 Hieroboam?

153 1783 199 1823 V.
232 1783 395 1824 Dicitur
424 1783 502 1825 tibi
535 1796 558 1824 a
589 1783 719 1832 nobis,
754 1783 865 1836 quod
898 1783 975 1824 nisi
997 1784 1042 1824 te
1065 1783 1307 1832 correxeris,
1340 1783 1418 1824 nisi
1449 1783 1490 1823 in
1517 1781 1597 1823 uiis

98 1851 174 1893 deo
206 1851 374 1905 placitis
407 1864 498 1893 esse
529 1852 731 1905 coeperis,
765 1853 823 1894 sis
854 1864 961 1894 nouo
992 1852 1202 1905 periturus
1235 1851 1444 1905 exemplo;
1479 1851 1520 1893 et
1550 1852 1596 1892 tu

94 1920 134 1962 in
165 1922 240 1962 tua
270 1933 441 1962 manens
474 1933 517 1962 es
549 1920 783 1974 iniquitate,
815 1921 855 1962 in
886 1921 959 1962 tuo
992 1933 1036 1962 es
1058 1933 1330 1974 perseuerans
1352 1919 1586 1973 sacrilegio.

42 2000 76 2024 ²⁵
94 2002 173 2031 non
201 2002 367 2038 nouum,
401 1989 607 2043 siquidem
639 1989 708 2031 isti
730 1989 965 2031 Hieroboae
988 1990 1077 2043 regi
1101 1991 1143 2031 et
1166 1989 1268 2031 deus
1290 2002 1362 2042 per
1385 1989 1592 2031 hominem

95 2071 215 2101 suum
244 2058 320 2100 illa
351 2071 456 2112 quae
488 2058 573 2099 iam
596 2058 710 2099 dicta
731 2059 828 2100 sunt
860 2058 1032 2112 perferri
1066 2058 1213 2099 fecerit
1246 2058 1287 2100 et
1317 2070 1414 2099 cum
1436 2057 1592 2111 ingenti

97 2127 307 2169 detinetur
336 2126 449 2168 filius
481 2127 570 2169 eius
601 2126 857 2176 infirmitate,
890 2126 1051 2168 miserit
1082 2126 1135 2168 ad
1159 2126 1225 2168 dei
1249 2126 1529 2169 domesticum
1553 2124 1594 2167 et

95 2195 276 2237 audierit
315 2196 475 2246 futura,
523 2197 564 2238 et
593 2197 735 2238 tamen
766 2210 862 2238 cum
904 2209 954 2238 ea
999 2208 1105 2249 quae
1145 2196 1221 2237 sibi
1262 2195 1426 2237 fuerant
1466 2194 1591 2236 etiam

91 2264 203 2306 mala
234 2264 438 2318 promissa
467 2264 631 2307 uideret
661 2266 838 2319 impleri,
870 2266 941 2307 ille
971 2265 1108 2319 magis
1143 2265 1267 2318 atque
1290 2265 1425 2318 magis
1448 2263 1590 2305 contra

41 2334 217 2374 aodeum
249 2333 409 2384 fecerit,
445 2334 510 2375 dei
542 2334 725 2376 uoluerit
757 2335 914 2376 destrui
948 2334 1129 2376 domum.
1191 2337 1229 2375 ct
1268 2334 1402 2383 homo,
1442 2330 1589 2384 inquit.

91 2406 178 2443 erat
211 2416 260 2444 ex
292 2402 383 2445 Silo
415 2406 454 2445 ct
484 2417 631 2445 nomen
672 2405 708 2445 ei
738 2404 917 2454 Achiab,
950 2407 986 2445 et
1024 2402 1090 2444 hic
1130 2406 1218 2444 erat
1249 2403 1471 2456 sexayinta
1512 2412 1590 2440 an-

226 2563 269 2597 30
295 2562 343 2598 III
370 2563 453 2607 Reg.
481 2563 653 2603 12‚1-inter
677 2563 719 2597 24
755 2567 790 2597 ct
815 2563 858 2597 25
882 2564 950 2605 (14,
976 2563 1104 2605 2-11)

160 2700 200 2733 15
226 2699 344 2734 hortus
438 2700 481 2733 24
502 2701 614 2744 prius
641 2711 676 2734 es
702 2712 729 2734 s.
757 2701 777 2734 Ι.
794 2712 835 2734 m.
856 2704 872 2734 1
968 2699 1011 2733 25
1037 2699 1127 2744 quod
1152 2702 1187 2733 et
1212 2699 1295 2734 deus
1314 2701 1405 2735 coni.
1427 2700 1498 2734 Col.

88 2756 127 2789 31
158 2767 195 2789 ex
222 2756 291 2791 Silo
325 2757 418 2791 coni.
456 2757 574 2791 Tilius
608 2758 647 2790 in
680 2758 796 2800 notis,
835 2756 945 2790 exilon
984 2757 1022 2794 V,
1060 2756 1156 2790 exilis
1186 2769 1203 2790 υ
1227 2761 1260 2791 et
1288 2757 1425 2800 Sabat„
1458 2757 1491 2790 in
1519 2755 1589 2790 Silo

92 2813 270 2847 Latinius
365 2813 511 2854 Achiam,
539 2817 574 2848 et
599 2814 654 2847 hic
682 2815 772 2848 coni.
807 2814 934 2856 Tilius,
963 2812 1149 2847 achiabeth
1183 2815 1229 2847 Vc
