1934 3278
577 179 812 214 uerborum
836 182 880 215 et
905 181 1194 216 locutionum.

101 302 258 344 germine
286 303 442 338 zabolico
467 306 638 347 pronatus
664 303 701 340 11
725 304 850 345 32,12

96 347 269 393 yerundii
303 349 488 384 ablalitms
518 350 756 384 comitatiuus
791 351 851 384 uel

147 392 299 429 modalis
332 405 401 438 pro
426 396 627 439 participio
649 397 851 447 praesentis
880 397 883 428 1

146 439 195 473 ad
234 440 433 475 subiectum
473 442 698 484 pertinente.
740 447 779 475 tu
821 441 850 475 si
880 441 882 473 1

147 485 348 529 proeliando
366 488 512 520 moreris
530 485 566 521 H
589 486 622 528 9,
647 488 680 521 8.
706 486 882 521 zelando
880 509 882 516 =

145 534 267 575 pectus
293 532 422 575 pugnis
455 532 628 576 pertunde
653 531 691 566 11
716 532 770 570 21.
799 533 850 567 13.
880 529 882 563 ἒ

147 577 199 610 lex
226 576 326 611 docet
351 578 429 619 ipsa
447 577 630 612 clamando
655 576 691 611 11
716 577 770 614 22.
798 579 850 613 15.
880 582 882 616 ζ

149 622 363 657 blandiendo
376 626 418 665 (2²)
439 623 540 657 uobis
560 623 740 667 subrepsit
760 624 851 658 Euae
880 631 882 662 ζ

147 668 309 703 seductor
337 668 375 703 ΙΙ
400 669 453 709 29,
481 669 511 703 7.
546 670 597 703 ira
628 669 696 703 Dei
721 671 850 704 summi
880 666 882 709 ξ

148 713 252 748 ardet
275 719 438 748 creatura
463 714 634 758 gemendo
660 713 768 756 1139,
796 717 849 750 11.

145 759 191 793 ab
229 760 312 804 igne
349 759 516 804 peribunt
551 771 630 794 cum
667 760 850 795 montibus

148 806 218 848 ipsi
252 805 479 849 liquendoce)
512 805 548 840 11
579 807 643 845 39,
677 806 731 840 19.
772 818 851 850 pro-

146 852 279 886 strauit
295 862 330 885 se
348 851 522 894 precando
539 854 580 886 A.
600 832 681 887 567.
696 870 741 878 -
757 852 852 887 idem
880 831 882 895 1

146 897 217 932 abl.
253 897 408 942 yerund
441 898 496 931 ita
515 898 669 941 positus,
699 901 740 932 ut
772 898 851 933 sub-

147 944 277 978 iectum
289 943 367 977 eius
380 942 527 985 differat
539 953 563 977 α
574 943 732 978 subiecto
749 934 882 978 uerbi

141 988 382 1032 principalis:
407 992 449 1022 tu
476 989 560 1023 licet
575 988 624 1022 sis
649 992 756 1030 casta,
782 1000 850 1024 non
880 1011 881 1031 3

1585 183 1667 225 217

913 305 1090 349 grassatio
1116 308 1219 341 tanta
1245 306 1396 341 latronis
1422 306 1465 341 A.
1493 309 1559 342 183

912 351 1049 394 gratia:
1083 362 1154 396 qua
1179 353 1297 396 gratia
1324 367 1365 382 =
1391 363 1499 396 quam
1524 353 1565 388 ob
1590 364 1666 388 rem

958 396 995 431 II
1020 396 1077 437 32,
1105 399 1156 431 13.
1185 417 1225 422 —-
1264 412 1308 427 =
1332 398 1542 439 beneficium
1569 399 1665 433 diui-

959 453 1064 476 num.-
1078 443 1246 487 gratiam,
1259 454 1363 488 quam
1378 445 1479 477 misit
1491 444 1667 478 Dominus

958 488 995 521 iu
1020 491 1116 522 terra
1135 489 1320 532 legendam
1339 488 1357 523 Ι
1373 489 1428 530 34,
1450 490 1501 524 16.
1534 489 1667 526 ιιιιιιάιιι.

957 535 994 566 te
1011 533 1133 567 mundi
1152 537 1334 569 remouent
1352 545 1372 568 a
1389 536 1508 577 gratia
1525 535 1661 571 curisti

958 578 996 613 II
1025 579 1075 619 16,
1102 579 1154 614 20.
1183 580 1265 614 dum
1291 580 1448 632 gaudent
1473 581 1509 614 iu
1529 581 1662 621 breuia,

957 629 1142 658 remanent
1167 637 1188 659 a
1212 626 1329 670 gratia
1353 625 1488 660 Christi
1517 627 1557 661 A
1581 628 1662 660 606.

957 689 1002 695 —-
1031 684 1076 699 =
1100 669 1222 706 decor:
1259 674 1296 706 et
1328 671 1448 715 gratia
1479 672 1664 714 (hominis)

957 716 1182 797 {misi-§unc
1206 717 1275 751 erit
1299 715 1445 763 (quam)
1465 718 1569 752 istius
1587 719 1665 752 aeui

910 807 1026 850 gratis
1059 809 1116 848 (=
1140 811 1270 852 yrates,
1298 808 1454 853 θητείας)
1487 819 1591 853 agere
1628 809 1665 843 11

956 852 1083 894 29,10

880 879 1095 949 ;grati's—
1054 923 1095 928 —
1120 899 1289 940 frustra:
1316 898 1430 943 gratis
1455 902 1551 933 amat
1576 899 1666 933 stul-

957 946 1025 1030 ῗιίε,
1039 954 1124 1023 1{tec
1159 944 1277 988 potuit
1308 944 1477 988 consequi
1508 955 1613 979 cursu
1647 945 1664 979 1

146 1040 182 1068 te
208 1037 341 1078 purgat
365 1034 444 1078 (hoc
459 1033 488 1075 ?)
507 1034 653 1068 sinistra
676 1035 851 1080 sequendo
910 1035 1036 1078 grauia
1061 1038 1203 1079 peccata
1227 1035 1265 1070 11
1290 1037 1322 1076 5,
1350 1037 1389 1070 11

144 1079 220 1121 (ubi
249 1080 404 1114 sinistra
435 1080 606 1124 sequeris)
645 1080 682 1115 ΙΙ
716 1081 849 1120 19,19.

144 1136 214 1169 quo
241 1125 341 1160 nulla
365 1126 469 1160 uenia
493 1125 624 1160 liberat
649 1137 686 1160 se
702 1126 881 1161 dicendo
880 1146 881 1179 1

880 1081 1071 1124 grauiter
1097 1080 1310 1125 delinquere,
1340 1092 1458 1125 pecca.
1447 1091 1482 1116 ·e
1508 1080 1544 1115 11
1570 1081 1601 1122 7,
1627 1087 1662 1116 8.

958 1127 998 1161 11

144 1170 307 1206 seductos
330 1172 372 1206 A.
399 1171 476 1207 178.
500 1175 541 1205 ut
573 1173 704 1206 iaceret
741 1183 850 1217 popu·
880 1174 882 1209 1
910 1176 1074 1216 gustare:
1111 1175 1258 1216 gustato
1297 1173 1390 1216 pomi
1423 1173 1520 1214 ligno
1559 1172 1663 1216 (ligni

147 1217 220 1250 lum
246 1217 293 1251 ad
318 1227 353 1251 se
378 1217 596 1252 transeundo
621 1217 790 1252 dilectum
808 1219 851 1252 A.

150 1262 225 1297 186.
263 1273 364 1307 saepe
396 1263 438 1297 fit
471 1274 578 1297 causa
605 1264 730 1298 melior
754 1264 851 1298 mala
880 1259 883 1300 1

148 1308 310 1350 pluscula
334 1308 448 1343 dando
473 1310 515 1343 A.
540 1309 619 1344 600.
652 1311 714 1353 qui
746 1309 851 1344 duca·
880 1305 883 1341 f

143 1361 222 1387 tum
248 1354 298 1388 eis
332 1354 518 1399 pacificum
553 1357 713 1399 praestat
737 1355 851 1390 eundo
881 1346 884 1396 1

956 1219 1094 1262 pomo?)
1131 1217 1148 1251 1
1180 1218 1235 1257 35,
1268 1217 1299 1251 7.
1348 1223 1475 1262 gustat
1501 1244 1509 1251 .
1536 1242 1544 1251 .
1570 1218 1665 1252 mala

957 1263 1091 1307 gaudia
1117 1263 1214 1297 uitae
1239 1263 1257 1298 Ι
1283 1264 1338 1305 35,
1368 1264 1410 1298 15
1434 1275 1486 1307 sq.
1537 1268 1663 1306 gustat

957 1310 1114 1343 suauiter
1149 1308 1214 1342 Dei
1248 1310 1377 1343 summi
1411 1313 1596 1353 praecepta
1621 1311 1664 1343 A.

958 1355 1036 1389 331.
1078 1354 1171 1399 quod
1199 1355 1350 1398 (uinum)
1377 1355 1474 1398 prius
1498 1356 1665 1398 gustauit

95 1445 342 1489 yemmdiuum
378 1456 449 1489 pro
484 1446 688 1490 participio
727 1444 884 1494 futuri
914 1447 1042 1490 gustus
1066 1460 1111 1475 =
1132 1446 1308 1490 qustawlc
1324 1446 1518 1490 uoluptas
1546 1456 1666 1489 respu-

146 1491 278 1525 ‹wtiuis
316 1492 351 1525 in
388 1491 497 1525 uariis
524 1494 645 1536 poenis
670 1492 884 1527 cruciabat

145 1537 214 1570 sibi
247 1537 437 1571 credendos
470 1537 503 1571 II
531 1540 562 1579 1,
585 1538 646 1577 46,

684 1538 733 1580 cf.
757 1549 852 1573 com·
884 1578 885 1581 Ἰ

143 1586 250 1617 ment.
883 1587 885 1592 ’

962 1492 1011 1526 ite
1036 1495 1186 1535 gustum
1212 1491 1229 1525 I
1254 1492 1377 1532 35,17

96 1628 342 1672 yerundmum
357 1640 439 1663 cum
451 1629 562 1663 uerbo
580 1639 653 1662 esse
672 1629 885 1673 infinitiui
916 1618 1065 1662 Habere
1097 1642 1142 1657 =
1178 1630 1311 1667 tenere,
1347 1627 1547 1671 possidere:
1588 1626 1665 1662 ideo

142 1674 269 1714 futuri
290 1675 435 1718 passim·
458 1675 576 1709 uicem
592 1674 748 1709 obtinet:
774 1685 853 1719 pro·
883 1710 884 1714 ,

146 1719 269 1762 phetae
296 1724 427 1754 canunt
453 1721 548 1754 inuis
533 1719 673 1754 ibilem
698 1731 773 1754 esse
798 1721 852 1754 ui·
882 1719 885 1748 ῑ

145 1765 299 1799 lendum
332 1767 374 1800 A.
399 1766 467 1800 285
502 1766 566 1808 (cf.
592 1766 768 1807 Roenseh,
802 1766 852 1801 It

143 1822 179 1844 u
212 1812 311 1856 Vuly.
334 1823 372 1856 p.
396 1814 466 1846 433
489 1815 553 1855 sq.)
882 1794 884 1850 1

97 1862 236 1900 gestare
268 1872 312 1888 =
343 1868 460 1892 curru
491 1858 694 1901 uehere(³):
732 1860 850 1901 gesta·
881 1896 883 1905 1

145 1903 250 1982 ῗιιίιιιι·
283 1903 376 1937 enim
410 1906 446 1938 et
470 1903 563 1937 aluit
588 1903 664 1937 tale
688 1903 849 1946 sigillum

97 1993 214 2036 gloria
251 2008 296 2024 =
332 1994 432 2036 δόξα,
469 1994 631 2035 claritas,
667 1997 850 2033 maiestas,

145 2040 433 2084 maynificemia:
461 2040 546 2074 haec
572 2040 689 2083 gloria
714 2041 778 2074 Dei
797 2044 850 2074 est

145 2086 249 2119 unica
274 2096 377 2129 super
393 2085 539 2128 angelos
565 2096 685 2119 omnes
711 2089 752 2120 A.
775 2087 850 2121 107.

145 2130 507 2165 110cDeu·instituet
528 2135 568 2164 ut
587 2131 636 2164 sit
652 2132 706 2165 illi
727 2133 848 2171 (carni)

143 2177 259 2219 gloria
274 2178 384 2210 maior
398 2179 439 2212 A.
458 2177 532 2211 148.
559 2177 722 2210 desubito
735 2178 850 2221 qualis

143 2221 295 2256 obfulsit
328 2223 446 2265 gloria
470 2223 569 2266 genti
601 2224 643 2257 A.
669 2223 746 2256 249.
773 2223 849 2257 797.
880 2253 882 2258 ,

146 2268 297 2302 suscitat
322 2267 398 2314 e(t)
425 2268 515 2306 illos,
543 2270 582 2301 ut
599 2268 747 2302 uideant
772 2269 848 2312 glo·
880 2302 881 2307 ,

144 2314 234 2347 riam
260 2314 338 2347 eius
365 2314 528 2357 (Christi)
555 2314 597 2348 A.
626 2314 710 2348 1047

98 2358 290 2403 grabatum
314 2361 355 2393 A.
381 2359 449 2394 650

99 2405 218 2448 gradi:
253 2405 381 2439 leuiter
413 2404 629 2449 gradiuntur
655 2408 782 2439 euntes
808 2406 849 2440 A.
880 2424 882 2427 v

145 2450 208 2484 971

98 2495 370 2540 gradulatimff)
393 2495 437 2529 de
462 2495 606 2539 capillis
627 2506 695 2539 per
711 2495 850 2540 gradus
880 2498 882 2539 ξ

143 2541 328 2575 ordinatis
352 2541 390 2576 11
418 2541 537 2582 19,11

98 2587 232 2630 gradus
268 2601 313 2616 =
348 2586 448 2627 ordo,
485 2587 669 2631 diqnieas:
709 2586 750 2620 de
788 2598 850 2621 suo

960 1684 1022 1708 nos
1047 1674 1142 1717 ignis
1167 1654 1312 1707 habebity
1339 1675 1379 1707 A.
1404 1674 1484 1708 466.
1535 1676 1576 1708 ut
1601 1684 1666 1707 nos

960 1720 995 1753 in
1023 1720 1144 1753 futuro
1171 1718 1316 1753 haberet
1341 1724 1381 1752 A.
1410 1720 1486 1753 768.
1514 1738 1556 1744 -
1582 1730 1661 1753 cum

960 1765 1151 1799 aduerbio:
1188 1767 1238 1798 sic
1270 1763 1378 1798 habet
1411 1765 1544 1807 (οὕτως
1580 1764 1662 1808 ἔχει)

959 1811 1105 1855 abyssus
1130 1814 1251 1845 noster
1275 1810 1292 1844 I
1317 1810 1373 1850 27,
1403 1812 1454 1845 19.
1472 1830 1513 1836 -
1541 1811 1664 1844 haberi

957 1870 1003 1886 =
1041 1866 1132 1890 esse:
1181 1866 1242 1889 nec
1284 1866 1449 1900 umquam
1490 1856 1666 1891 desinuit:

960 1902 1063 1936 hodie
1093 1911 1231 1945 quoque
1262 1902 1348 1935 talis
1374 1902 1525 1936 habetur
1562 1904 1665 1945 (gens

959 1948 1185 1985 Iudaeorum)
1224 1948 1263 1980 A.
1301 1947 1379 1981 201.
1428 1947 1520 1992 quod
1557 1948 1662 1982 modo

983 1994 1176 2027 raeclarum
1225 2003 1351 2027 nomen
1399 1993 1492 2037 apud
1540 1996 1662 2037 gentes

960 2005 1108 2073 Eabetur
1132 2040 1173 2072 A.
1192 2038 1269 2072 344.
1308 2043 1344 2072 et
1370 2039 1462 2073 Deus
1487 2039 1522 2073 in
1550 2047 1585 2073 te
1609 2043 1664 2072 est

957 2089 994 2118 ut
1020 2087 1156 2128 praeter
1183 2088 1217 2118 te
1242 2095 1309 2118 nun
1335 2085 1427 2118 alter
1448 2084 1598 2118 habetur
1622 2085 1663 2118 A.

956 2131 1034 2164 374.
1085 2141 1150 2164 non
1177 2139 1243 2173 ego
1268 2141 1344 2163 sum
1372 2129 1496 2164 umbra
1522 2135 1658 2164 mortu-

957 2187 1057 2210 orum
1083 2175 1200 2219 qualis
1226 2175 1378 2209 habetur
1410 2178 1449 2210 A.
1477 2175 1554 2210 563.
1602 2181 1658 2209 eut

959 2220 1138 2266 locu<tu)s
1165 2222 1307 2260 iterum,
1325 2221 1369 2254 ab
1387 2221 1491 2255 idolis
1510 2221 1660 2254 mundos

959 2266 1079 2301 haberi
1105 2270 1146 2301 A.
1170 2267 1239 2300 682

879 2312 882 2344 ὲ
915 2312 1118 2347 habitacula
1144 2311 1179 2345 Il
1204 2312 1237 2351 4,
1266 2311 1307 2344 12

880 2369 882 2375 ·
912 2359 1090 2392 habitare:
1117 2357 1329 2400 simplicitas
1360 2357 1499 2391 bonitas
1521 2356 1662 2391 habitet

958 2404 994 2437 iu
1020 2413 1162 2446 corpore
1190 2406 1307 2436 uestro
1332 2402 1363 2436 11
1389 2404 1445 2439 39.
1469 2406 1491 2436 3

913 2449 1055 2484 haerere
1086 2463 1129 2478 =
1161 2449 1349 2482 inhaerere
1361 2458 1371 2479 .·
1410 2448 1660 2492 blanditurque

956 2494 1086 2538 quibus
1113 2494 1234 2527 haeret
1258 2495 1454 2527 amoenitas
1480 2495 1544 2527 ilia
1571 2493 1659 2531 124.

956 2540 1210 2626 ,1211.2}nh;13ret
1235 2540 1336 2582 (auis)
1357 2540 1544 2583 inprouida
1564 2541 1660 2573 uis-co

144 2633 256 2674 gradu
280 2633 436 2667 deiectus
456 2632 526 2666 Ι1
514 2643 540 2673 ι,
558 2633 590 2667 9.
624 2643 684 2676 per
702 2632 849 2675 gradum
880 2648 882 2690 1
912 2632 982 2674 (lupe
966 2630 1170 2665 bdomadis
1195 2641 1257 2664 axe
1283 2631 1324 2664 A.
1349 2631 1416 2664 834

145 2681 181 2711 ot
207 2678 304 2713 lucra
328 2678 455 2712 auidus
475 2680 636 2712 {ortunae
655 2679 881 2723 praesumis
913 2678 953 2710 1ιι·
960 2678 1016 2710 bes
1042 2690 1084 2706 =
1110 2676 1244 2710 stultus
1270 2678 1311 2709 A.
1336 2676 1380 2709 33

98 2723 324 2812 griffoi-15:
342 2769 511 2809 delirare,
535 2779 660 2803 errare
686 2768 701 2802 1
720 2771 775 2809 28,
799 2770 851 2803 11

144 2813 182 2849 11
209 2814 261 2857 13,
287 2814 307 2849 7

880 2723 949 2761 1ι
945 2723 1069 2756 betari
1094 2722 1135 2754 de
1162 2720 1291 2755 mundo
1325 2735 1365 2751 =
1392 2731 1528 2762 errare,
1561 2721 1634 2761 sals
1631 2732 1660 2753 ιι

956 2768 1157 2811 ορίνιιινό1έ)
1179 2766 1196 2801 I
1223 2767 1319 2805 22,1

879 2834 882 2847 .
916 2812 1090 2847 1ιι1,·»ειιιι1ι
1116 2812 1243 2847 saeculi
1271 2812 1284 2846 1
1312 2811 1356 2846 22
1384 2813 1491 2846 inser.
