1934 3278
224 234 280 275 80
882 230 1081 265 Luciferi

226 362 413 400 uestrum
446 361 481 398 et
513 359 695 399 audiant
725 359 863 410 facere
895 359 1040 398 omnia
1080 358 1203 399 uerba
1246 358 1348 411 Zeyis
1378 359 1514 400 huius.
1581 365 1615 401 et
1647 360 1731 413 filii

232 440 386 478 eorum,
419 427 492 478 qui
514 427 719 473 nesciunt,
742 425 959 466 audientes
981 426 1142 466 discent
1162 427 1380 467 dominum
1402 427 1524 468 deum
1545 432 1730 470 uestrum

226 495 416 536 omnibus
447 495 589 536 diebus
622 495 768 544 quibus
797 494 883 546 ipsi
913 494 1069 535 uiuunt
1100 507 1224 546 super
1262 498 1430 537 terram.
1463 497 1727 549 persequeris

229 576 336 613 eum,
368 576 441 616 per
473 575 595 616 quem
626 564 669 603 te
704 562 848 603 audire
879 562 1144 615 praeceperit
1177 562 1390 611 dominus:
1426 566 1574 617 agente
1609 578 1656 606 eo
1688 565 1727 606 in

226 633 350 674 rebus
369 632 559 672 humanis
577 630 887 672 cohaereticum
904 630 1023 671 tuum
1038 630 1265 684 Georgium
1275 631 1408 673 mittis
1427 645 1726 680 successorem,
1768 650 1783 674 5

228 714 336 750 cum,
369 701 539 741 tametsi
561 700 708 741 fuisset
738 699 941 740 liberatus
972 698 1055 740 iam
1078 700 1333 742 Athanasius
1367 713 1414 742 ex
1437 713 1620 754 corpore,
1652 702 1729 744 tibi

229 782 307 811 non
348 769 515 810 licuerit
553 769 734 817 mittere,
783 767 856 808 sed
895 767 1020 808 fuerit
1063 781 1109 809 ac
1152 768 1206 809 sit
1247 769 1287 809 in
1325 769 1390 810 dei
1431 782 1557 811 manu
1604 783 1726 823 quem

228 839 376 879 fuisset
410 838 604 890 dignatus
637 836 788 889 populo
831 849 904 877 suo
939 836 1169 877 antistitem
1209 837 1426 878 instituere
1473 851 1546 891 per
1584 851 1728 880 seruos

226 907 428 948 uidelicet
451 919 559 950 suos.
584 907 661 946 hoc
688 905 751 946 est
773 904 1002 946 catholicos
1028 905 1256 958 episcopos.
1300 918 1432 959 neque
1457 907 1564 947 enim
1586 908 1730 960 posset

228 975 392 1028 impleri
423 975 578 1015 uirtute
612 973 781 1026 spiritus
815 973 948 1014 sancti
983 973 1034 1014 ad
1069 973 1134 1014 dei
1173 975 1490 1027 gubernandum
1530 976 1727 1029 populum
1753 991 1786 1016 10

228 1044 304 1085 nisi
344 1044 380 1085 is
428 1056 550 1096 quem
594 1042 696 1083 deus
747 1041 964 1094 allegisset
1011 1042 1161 1095 cuique
1200 1055 1347 1083 manus
1387 1056 1459 1095 per
1499 1044 1729 1086 catholicos

230 1113 446 1166 episcopos
492 1111 641 1152 fuisset
685 1109 894 1162 imposita,
944 1110 1052 1150 sicut
1095 1110 1288 1152 defuncto
1328 1111 1472 1166 Moyse
1510 1113 1729 1165 impletum

230 1181 376 1235 spiritu
399 1180 542 1222 sancto
560 1179 796 1220 inuenimus
815 1190 1100 1220 successorem
1123 1179 1210 1220 eius
1228 1180 1367 1221 Iesum
1385 1180 1515 1223 Naue.
1548 1181 1731 1234 loquitur

231 1250 438 1303 scriptura
478 1248 623 1289 sancta
664 1247 827 1288 dicens:
876 1250 913 1288 et
951 1248 1070 1289 Iesus
1114 1248 1233 1301 filius
1273 1249 1399 1290 Naue
1438 1250 1636 1303 impletus
1675 1254 1732 1291 est

228 1320 386 1372 spiritu
419 1317 749 1370 intelleyentiae;
782 1316 1027 1368 inposuerat
1058 1320 1170 1357 enim
1203 1316 1369 1370 Moyses
1399 1331 1577 1359 manum
1607 1332 1733 1371 super
1754 1334 1785 1358 15

230 1401 336 1429 eum.
368 1389 406 1428 et
436 1386 666 1428 audierunt
697 1398 790 1426 enm
820 1384 904 1438 filii
935 1385 1076 1426 Israel
1107 1388 1144 1426 et
1163 1386 1350 1438 fecerunt
1372 1387 1599 1428 secundum
1622 1388 1731 1440 quod

228 1455 455 1497 mandauit
470 1455 669 1496 dominus
691 1454 847 1508 Moysi.
881 1453 1086 1506 conspicis
1120 1453 1368 1495 ordinationi
1396 1454 1463 1496 dei
1495 1455 1537 1496 te
1560 1456 1728 1497 obuiam

229 1526 312 1566 isse
353 1524 498 1566 contra
540 1522 606 1564 dei
640 1522 831 1564 faciendo
872 1522 1148 1572 uoluntatem,
1187 1522 1319 1563 temet
1357 1536 1556 1565 mucrone
1597 1524 1731 1577 gladii

228 1594 289 1634 tui
314 1593 564 1646 iugulatum,
599 1591 806 1644 siquidem
828 1603 907 1632 non
937 1590 1105 1632 licuerit
1131 1590 1326 1641 ordinari,
1360 1592 1439 1633 nisi
1470 1592 1620 1634 fuisset
1652 1593 1730 1635 de-

227 1663 396 1704 functus
427 1661 695 1710 Athanasius,
731 1660 772 1701 et
805 1660 998 1701 defuncto
1022 1661 1250 1702 Athanasio
1283 1661 1517 1702 catholicus
1540 1661 1731 1703 debuerit
1752 1677 1789 1701 20

229 1744 301 1785 per
341 1730 571 1772 catholicos
619 1729 799 1771 ordinari
848 1729 1076 1782 episcopos.
1138 1729 1323 1782 loquitur
1363 1743 1484 1771 sacra
1524 1731 1730 1784 scriptura

231 1800 384 1841 dixisse
419 1798 471 1839 ad
502 1799 642 1839 Iesum
673 1797 792 1839 Naue
827 1796 973 1838 deum:
1007 1798 1176 1851 Moyses
1206 1811 1353 1839 seruus
1374 1813 1487 1841 meus
1508 1799 1731 1852 defunctus

230 1872 300 1911 est.
334 1881 450 1909 nune
481 1868 622 1920 itaque
652 1879 828 1920 suryens
850 1866 990 1906 transi
1011 1866 1241 1908 Iordanem
1265 1869 1312 1907 tn
1332 1870 1372 1907 et
1390 1868 1528 1908 omnis
1540 1871 1730 1921 populus

231 1938 306 1978 iste
338 1937 386 1978 in
416 1939 532 1977 terra
562 1948 691 1988 quam
720 1947 790 1988 eqo
812 1934 918 1976 dabo
940 1933 1042 1975 illis.
1076 1947 1241 1975 omnem
1262 1934 1410 1986 locum,
1432 1949 1730 1989 quemcumque

230 2006 410 2060 inyressz'
455 2005 624 2058 fueritis
666 2003 841 2058 uestiyio
872 2003 1031 2057 pedum
1069 2005 1249 2058 tuorum,
1295 2003 1412 2045 uobis
1448 2005 1554 2046 dabo
1593 2005 1730 2060 illum,
1753 2019 1786 2043 25

231 2076 336 2115 sieut
365 2073 558 2115 dixeram
591 2072 746 2126 Moysi.
809 2072 1017 2113 desertum
1055 2075 1094 2112 et
1133 2075 1231 2113 ante
1261 2072 1478 2114 Libanum
1515 2086 1644 2127 usque
1675 2076 1732 2116 ad

227 2143 386 2194 flamen
417 2155 621 2194 maynum
647 2141 901 2193 Euphraten
932 2143 968 2181 et
988 2153 1118 2192 usque
1139 2140 1197 2181 ad
1218 2154 1334 2182 mare
1356 2155 1570 2195 maynum,
1602 2156 1732 2196 usque

234 2213 290 2253 ad
321 2211 421 2252 solis
443 2223 650 2265 oceasum,
674 2212 801 2250 erunt
819 2210 924 2262 fines
945 2209 1119 2250 termini
1140 2210 1285 2251 uestri.
1319 2223 1406 2251 non
1427 2212 1590 2252 resistet
1611 2211 1728 2253 homo

232 2282 280 2321 in
311 2281 529 2332 conspectu
560 2281 629 2319 tuo
654 2291 734 2330 per
764 2290 902 2318 omnes
923 2277 1012 2318 dies
1034 2278 1151 2318 uitae
1172 2280 1282 2328 tuae,
1314 2281 1353 2318 et
1372 2279 1483 2320 sieut
1501 2293 1617 2320 eram
1638 2293 1731 2321 cum

234 2349 389 2403 rlffoysi,
421 2348 479 2389 sie
510 2360 576 2387 ero
609 2349 738 2387 tecum
770 2349 808 2387 et
837 2359 924 2387 non
953 2345 1245 2398 derelinquam
1275 2349 1312 2387 te
1343 2361 1472 2399 neque
1502 2348 1732 2400 despiciam
1753 2362 1787 2388 30

231 2421 280 2460 te.
313 2415 515 2469 numquid
547 2414 686 2468 potest
721 2414 823 2455 deus
848 2426 938 2455 esse
962 2426 1056 2454 cum
1084 2414 1251 2456 inimico
1274 2427 1347 2456 suo
1373 2415 1582 2468 Georgio?
1614 2429 1731 2458 num-

369 2530 411 2562 14
435 2529 538 2563 Deut.
565 2529 620 2563 34.
648 2529 668 2562 9
763 2528 805 2561 22
831 2527 896 2562 Ios.
926 2529 952 2567 1,
980 2527 1069 2559 2-5

300 2632 319 2665 3
343 2631 579 2675 persequereris
710 2631 729 2664 6
756 2641 794 2664 ex
819 2631 966 2674 scripsi>
991 2632 1026 2663 et
1050 2631 1088 2669 V,
1117 2630 1207 2664 delet
1234 2629 1415 2663 Latmius
1546 2632 1563 2664 7
1591 2634 1643 2665 set

233 2702 274 2734 10
299 2701 429 2734 uirtute
448 2679 595 2742 scripsi,
615 2682 778 2733 uirtutem
797 2701 819 2739 (⁸
840 2710 881 2733 m.
899 2700 983 2741 ree.)
1010 2700 1048 2741 V,
1075 2699 1184 2732 uirtus
1200 2709 1220 2731 c
1315 2698 1353 2731 ll
1376 2698 1539 2741 elegisset
1556 2699 1643 2742 fort.

231 2780 275 2813 24
302 2762 481 2823 quemcurli
507 2782 559 2822 (cu
584 2780 623 2812 sin
652 2791 724 2813 ras.
752 2792 794 2813 m.
821 2783 855 2821 1)
951 2778 994 2811 25
1020 2779 1211 2811 uestrorum
1240 2777 1410 2811 Sabatier
1504 2777 1545 2811 27
1572 2790 1733 2823 magnum

232 2848 297 2871 om.
323 2848 343 2870 v
436 2834 614 2870 Eufraten]
643 2848 659 2869 v
752 2836 796 2869 30
819 2835 938 2879 Moyse
967 2847 983 2869 c
1077 2834 1256 2877 dispiciam
