1934 3278
542 222 596 257 De
621 233 691 257 non
716 222 955 257 conueniendo
981 233 1058 258 cum
1082 223 1281 258 haereticis.
1610 226 1665 270 27

223 349 340 391 XIII.
391 348 608 402 Quomodo
654 349 696 390 in
742 349 919 391 concilio
964 350 1106 391 uestro
1144 350 1416 393 Arrianorum
1462 364 1554 394 esse
1594 364 1670 394 nos

165 418 435 471 potueramus
467 416 724 460 Christiani?
771 417 842 471 qui
871 417 913 458 in
945 417 1051 459 libro
1083 417 1439 460 Machabaeorum
1470 432 1669 474 praeces-

166 498 281 528 sores
313 497 537 527 conseruos
576 485 740 528 nostros
779 487 1022 539 segregatos
1062 486 1190 528 fuisse
1232 488 1283 529 ab
1323 487 1407 529 illis
1447 488 1516 541 qui
1555 488 1671 529 iuxta

167 553 353 596 edictum
391 554 634 609 contyranni
662 553 725 595 tui
766 553 962 596 Antiochi
991 554 1116 596 idolis
1147 555 1486 609 supplicauerant
1520 556 1669 611 <audi-

132 634 148 660 ⁵
165 622 400 678 uerimus>:
434 623 569 665 Iudas
591 625 731 664 autem
752 622 1055 675 Machabaeus‚
1076 624 1150 677 qui
1169 623 1353 666 decimus
1372 624 1516 677 fuerat
1544 627 1582 666 et
1611 638 1670 665 se-

165 694 344 734 cesserat
371 692 420 733 in
449 692 656 735 desertum
687 691 821 744 ibique
851 705 945 733 cum
974 692 1078 745 feris
1107 693 1245 734 uitam
1273 693 1323 734 in
1343 693 1553 735 montibus
1573 707 1669 735 cum

166 761 256 802 suis
286 761 446 815 ayebat,
477 760 598 814 faeni
626 761 713 803 cibo
742 763 944 803 uescentes
974 762 1265 814 morabantur,
1297 775 1349 803 ne
1379 765 1509 804 essent
1530 763 1670 815 parti-

169 830 281 882 cipes
312 829 684 883 coinquinationis.
748 829 966 883 cognoscis
1007 830 1083 871 hoc
1123 830 1165 871 in
1203 843 1285 872 uno
1324 830 1564 872 testimonio
1598 842 1673 872 nos

169 898 367 940 recedere
400 898 631 952 oportuisse
665 911 689 940 a
720 898 852 949 uobis,
900 912 951 940 ne
992 899 1033 940 et
1071 911 1144 941 nos
1184 899 1409 953 participes
1449 899 1674 941 fuissemus

119 978 151 1002 ιο
170 967 532 1021 coinquinationis.
594 967 802 1022 quomodo
834 967 953 1010 uobis
984 968 1280 1022 iungeremur?
1311 980 1407 1010 cum
1427 967 1529 1009 item
1562 967 1677 1009 dicat

172 1035 365 1078 dominus
386 1035 439 1077 ad
457 1036 689 1089 apostolos:
711 1036 925 1078 adtendite
946 1037 1062 1078 uobis
1083 1050 1111 1077 a
1125 1037 1324 1090 fermento
1342 1036 1676 1078 Pharisaeorum

169 1107 208 1147 et
225 1104 580 1148 Sadducaeorum.
613 1106 654 1147 et
675 1106 722 1147 ut
743 1105 996 1147 fermentum
1017 1105 1144 1148 fuisse
1164 1106 1397 1148 doctrinam
1418 1118 1497 1147 non
1516 1118 1674 1155 sanam,

171 1185 297 1226 quam
327 1172 531 1215 uidelicet
563 1173 635 1214 aut
664 1174 762 1215 tunc
795 1174 858 1215 illi
878 1174 1095 1216 Pharisaei
1119 1174 1191 1215 aut
1213 1173 1451 1215 Sadducaei
1474 1175 1547 1215 aut
1568 1186 1675 1215 nunc

171 1254 246 1284 uos
279 1242 463 1284 omnium
495 1242 705 1284 sectarum
736 1242 944 1296 proferitis
978 1242 1192 1292 haeretici,
1226 1242 1344 1284 nobis
1375 1242 1676 1292 manifestaret,

121 1325 154 1352 ω
173 1310 362 1364 seq-uitur
393 1310 601 1364 scriptura
633 1310 797 1353 dicens:
844 1314 945 1353 tunc
982 1311 1221 1364 coyitabant
1260 1312 1372 1353 inter
1410 1324 1452 1353 se
1482 1311 1675 1363 dicentes,

171 1379 275 1432 quia
302 1392 458 1431 panem
488 1393 574 1422 non
613 1379 824 1423 habemus,
884 1380 1035 1433 quibus
1072 1379 1352 1434 coyitantibus
1390 1381 1502 1422 dixit
1533 1381 1678 1423 Iesus:

171 1448 275 1502 quid
296 1449 489 1502 coqitatis
510 1449 623 1490 inter
642 1462 716 1490 uos
737 1449 924 1490 modicae
943 1449 1056 1503 fidei,
1080 1449 1183 1502 quia
1197 1463 1357 1502 panem
1378 1463 1465 1491 non
1485 1449 1677 1491 habetis?

172 1518 362 1559 nondum
392 1517 638 1571 intelleyitis
669 1531 800 1571 neque
829 1518 1081 1559 meministis
1112 1518 1296 1571 quinque
1314 1531 1479 1570 panum
1501 1520 1538 1559 et
1559 1518 1679 1571 quin-

172 1598 250 1639 que
291 1585 462 1627 milium
501 1585 722 1627 hominum
766 1590 803 1628 et
849 1589 949 1640 quot
992 1586 1192 1639 cophinos
1237 1586 1503 1639 sumpseritis
1548 1598 1678 1638 neque

122 1667 157 1694 so
173 1657 325 1708 septem
349 1667 518 1708 panum
539 1657 577 1696 et
596 1657 749 1708 septem
770 1654 910 1697 millia
931 1654 1147 1696 hominum
1169 1657 1208 1696 et
1226 1657 1323 1707 quot
1341 1657 1509 1707 sportas
1528 1667 1674 1707 sump-

174 1724 321 1766 sistis?
351 1737 481 1777 quare
511 1737 598 1765 non
629 1723 883 1778 intelleyitis,
916 1724 1018 1777 quia
1050 1737 1135 1765 non
1165 1725 1214 1766 de
1236 1737 1354 1776 pane
1383 1723 1496 1765 dixi:
1530 1723 1678 1765 adten-

174 1792 259 1834 dite
290 1806 317 1833 a
345 1793 549 1846 fermento
580 1792 916 1835 Pharisaeorum
945 1796 982 1835 et
1013 1792 1389 1835 Sadducaeorum?
1428 1795 1527 1833 tunc
1556 1791 1677 1834 intel‘

177 1861 378 1915 leoeemnt,
388 1862 492 1914 quia
508 1875 595 1903 non
609 1862 721 1904 discit
737 1875 764 1903 a
779 1861 997 1914 fermento,
1009 1861 1080 1902 sed
1097 1875 1126 1902 a
1140 1862 1336 1903 doctrina
1346 1860 1681 1902 Pharisaeorum

176 1930 439 1971 intenderent
477 1930 572 1972 sibi.
632 1930 735 1971 item
774 1930 828 1971 ad
861 1929 1097 1972 Corinthios
1140 1929 1326 1971 scribens
1359 1942 1455 1971 cum
1488 1928 1683 1983 dignetur

125 2009 159 2036 2⁵
179 1998 392 2052 apostolus
416 1999 623 2040 instruere
654 1998 938 2041 recedendum
972 2011 995 2039 a
1028 1998 1144 2040 uobis
1177 1997 1399 2039 haereticis
1427 1998 1468 2038 et
1489 1997 1681 2039 omnibus

180 2067 448 2121 alienigenis,
497 2067 704 2121 quomodo
746 2067 1085 2120 praesumpserat
1131 2079 1201 2108 cor
1246 2067 1367 2108 tuum
1411 2066 1452 2107 in
1493 2066 1684 2107 omnibus

179 2136 341 2177 uarium
375 2136 417 2177 et
445 2136 661 2187 mutabile,
695 2136 769 2178 sed
800 2136 841 2177 in
873 2136 950 2176 hac
984 2134 1246 2188 malignitate
1280 2134 1390 2176 malo
1412 2133 1560 2176 salutis
1583 2146 1683 2175 suae

179 2203 339 2258 ingenti
370 2204 603 2246 stabilitum
634 2205 795 2255 robore,
829 2216 903 2246 nos
934 2203 1120 2257 potuisse
1151 2204 1291 2244 tecum
1324 2215 1471 2256 pacem
1494 2202 1561 2244 uel
1585 2215 1682 2243 cum

318 2363 338 2396 5
361 2362 394 2397 Π
419 2362 532 2398 Mach.
558 2363 590 2403 5,
616 2362 659 2397 27
801 2363 840 2397 11
868 2362 996 2397 Matth.
1023 2363 1077 2402 16,
1103 2363 1124 2396 6
1258 2362 1299 2395 15
1326 2361 1373 2395 ib.
1401 2362 1452 2399 16,
1481 2361 1592 2395 7-12

251 2525 266 2558 1
296 2525 510 2559 arrianorum
540 2524 580 2563 V,
607 2522 717 2556 ariani
746 2534 763 2556 v
856 2521 876 2555 2
902 2519 1184 2566 praedecessores
1205 2532 1222 2555 ι·
1316 2520 1336 2554 3
1354 2520 1474 2565 fuisse]
1492 2520 1687 2565 legeramus

184 2582 315 2625 Tilius,
332 2582 517 2626 legerimus
536 2580 717 2615 Latinius
736 2579 823 2614 aad.
918 2579 940 2612 4
959 2578 1112 2613 anthioci
1208 2577 1439 2611 audiuerimus
1458 2578 1595 2612 addidi

181 2640 202 2674 6
226 2638 276 2674 ibi
303 2639 396 2673 coni.
425 2638 653 2673 Gallandius
781 2637 802 2671 8
829 2636 1148 2681 quoinquinationis
1285 2635 1326 2669 12
1351 2634 1595 2669 saducaeorum

183 2697 226 2730 14
261 2696 477 2741 propheretis
522 2696 573 2735 V,
623 2694 805 2739 proferetis
850 2706 887 2738 z·;
927 2692 1102 2737 profer-itis
1144 2703 1252 2735 quam
1294 2691 1490 2735 proferretis
1531 2692 1689 2725 scribere

182 2753 299 2788 malui
417 2752 458 2786 17
490 2751 624 2786 modice
743 2751 784 2784 19
820 2750 975 2794 quofinos
1091 2749 1135 2782 ‘20
1161 2747 1250 2792 quod
1369 2747 1408 2781 21
1439 2747 1596 2781 attendite

182 2826 227 2861 22
252 2837 272 2860 a
303 2827 343 2866 V,
370 2825 412 2861 de
441 2838 457 2860 v
559 2824 806 2859 saducaeorum
909 2823 951 2856 24
978 2800 1156 2856 corinthiis
