1934 3278
327 272 410 314 296
981 260 1177 294 Luciferi

334 398 385 440 de
417 407 587 438 suorum
615 391 838 434 tolerantia
870 391 1114 431 seruorum?
1148 387 1308 428 stamus
1340 385 1482 438 utique
1506 384 1650 425 famuli
1675 383 1829 426 Christi

335 468 423 509 eius
454 463 675 506 maiestate
706 459 881 509 firmati,
929 470 1033 499 uoce
1063 457 1218 506 libera,
1265 455 1404 495 mente
1435 454 1693 506 incorrupta,
1733 453 1829 495 telis

333 535 502 588 quidem
533 531 750 585 fragilibus
780 529 864 569 tuis
896 527 1015 576 nudi,
1061 526 1134 567 sed
1165 524 1240 565 illa
1269 523 1405 564 induti
1439 535 1574 573 arma,
1619 535 1724 575 quae
1755 534 1830 563 nos

334 605 380 645 ut
417 602 684 644 indueremus
726 597 789 639 est
830 595 1078 649 deprecatus
1116 594 1264 636 beatus
1306 592 1518 645 apostolus
1567 591 1738 633 dicens:
1784 591 1832 632 de

333 676 461 714 cetero
502 667 818 722 confirmamini
853 667 901 707 in
940 666 1107 707 domino
1139 667 1177 705 et
1206 664 1254 704 in
1285 662 1482 714 potentia
1512 662 1690 703 uirtutis
1726 661 1828 702 eius.

340 741 435 795 [et:]
485 738 650 780 induite
691 750 816 778 arma
857 735 944 789 dei,
986 737 1032 775 ut
1059 734 1238 786 possitis
1270 737 1382 775 stare
1412 732 1615 773 aduersus
1645 730 1831 772 remedia

334 808 514 860 diaboli,
557 807 660 860 quia
698 818 783 846 non
823 807 881 846 est
919 804 1038 845 uobis
1076 804 1329 845 conluctatio
1362 803 1566 844 aduersus
1597 814 1765 843 ear-nem
1796 803 1833 842 et

333 877 597 931 sanquinem,
630 875 700 916 sed
721 876 867 915 contra
889 875 1131 925 potestates,
1165 875 1313 914 contra
1334 871 1460 913 liuius
1482 871 1632 912 mundi
1660 874 1834 912 rectores

337 946 603 987 tenebrarum
634 944 801 998 harum,
837 945 985 984 contra
1016 941 1236 995 spiritalia
1267 941 1480 994 nequitiae
1505 941 1553 981 in
1575 940 1832 982 caelestibus.

325 1018 556 1068 propterea
587 1013 765 1065 aecipite
795 1025 920 1052 arma
951 1011 1032 1066 dei,
1066 1014 1111 1051 ut
1134 1011 1313 1063 possitis
1343 1011 1533 1052 resistere
1565 1009 1612 1050 in
1634 1009 1701 1050 die
1721 1009 1834 1051 mato

333 1086 372 1125 ct
408 1084 457 1124 in
497 1082 689 1124 omnibus
725 1080 900 1134 perfecti
938 1083 1073 1130 stare,
1109 1079 1351 1132 praecineti
1395 1079 1552 1120 lumbos
1590 1081 1748 1119 uestros
1785 1078 1833 1119 in

333 1153 522 1207 ueritate,
556 1152 776 1193 induentes
808 1150 985 1191 loricam
1014 1149 1202 1190 iustitiae
1232 1151 1268 1189 et
1298 1148 1473 1190 calciati
1488 1148 1613 1201 pedes
1634 1148 1683 1188 in
1702 1160 1833 1199 prae-

327 1221 561 1274 paratione
600 1219 813 1273 euanyelii
843 1219 986 1270 pacis,
1038 1219 1087 1258 in
1133 1218 1324 1259 omnibus
1369 1218 1631 1259 adsumentes
1671 1220 1835 1258 scutum

335 1290 452 1345 fidei,
490 1290 539 1330 in
569 1301 647 1342 quo
671 1288 849 1341 possitis
880 1287 1023 1328 omnia
1052 1286 1198 1328 iacula
1229 1287 1474 1339 nequissimi
1505 1287 1732 1328 candentia
1764 1299 1834 1327 ecc-

334 1360 558 1413 stinyuere,
592 1360 628 1399 et
656 1357 823 1411 yaleani
853 1356 1005 1397 salutis
1027 1359 1064 1397 et
1082 1355 1276 1410 yladtum
1299 1356 1488 1408 spiritus,
1522 1356 1632 1409 quod
1661 1359 1719 1398 est
1740 1368 1836 1396 uer·
1873 1363 1888 1387 5

337 1428 433 1468 bum
462 1427 541 1480 dei,
568 1439 646 1478 per
677 1438 839 1467 omnem
871 1425 1102 1466 orationem
1127 1428 1162 1465 et
1185 1425 1508 1466 obsecrationem
1531 1428 1699 1467 orantes
1722 1426 1837 1468 omni

342 1499 518 1548 tempore
550 1496 597 1535 in
629 1495 786 1547 spiritu
817 1496 855 1535 et
884 1494 933 1534 in
964 1492 1089 1534 illum
1120 1494 1361 1547 uiyc'tantes.
1408 1494 1536 1548 igitur
1568 1495 1665 1548 quia
1695 1496 1837 1537 taliter

339 1566 534 1614 armatos,
564 1564 685 1604 tanta
713 1563 899 1616 potentia
929 1563 1123 1613 munitos,
1158 1575 1352 1616 superare
1384 1576 1462 1604 non
1494 1564 1625 1616 possit
1656 1565 1729 1606 tua
1759 1578 1837 1618 pa-

336 1634 495 1687 trisque
517 1633 579 1674 tui
602 1632 841 1682 crudelitas,
874 1633 921 1673 ut
943 1645 1066 1685 saepe
1091 1632 1248 1673 dictum
1282 1633 1356 1683 cst,
1391 1633 1583 1675 stetimus
1617 1634 1657 1674 et
1679 1635 1838 1675 stamus

340 1704 392 1754 et,
427 1702 564 1756 quoad
595 1714 726 1755 usque
759 1713 979 1743 consumas
1011 1713 1182 1754 corpora
1213 1702 1376 1754 nostra,
1413 1702 1561 1743 staturi
1593 1715 1735 1745 sumus
1768 1716 1838 1745 sa-

338 1772 465 1812 lutari
498 1771 652 1813 Christi
685 1769 817 1822 clipeo
848 1770 1019 1820 muniti,
1065 1770 1197 1811 lorica
1237 1771 1405 1823 pietatis
1449 1771 1536 1812 eius
1574 1773 1836 1823 circumdati,

340 1841 483 1882 sancto
531 1840 678 1893 spiritu
723 1839 962 1892 gubernati,
1010 1839 1228 1880 inmobiles
1276 1840 1317 1880 et
1354 1842 1488 1894 magis
1534 1841 1751 1895 magisque
1797 1842 1839 1883 in

341 1910 532 1951 omnibus
574 1909 786 1957 auctores,
827 1908 1030 1960 pollentes
1070 1920 1234 1949 omnem
1273 1921 1420 1950 uocem
1454 1910 1680 1952 seruitutis.
1735 1911 1839 1952 certi

341 1979 494 2020 etenim
527 1979 568 2019 et
598 1977 775 2018 fidentes
807 1990 949 2019 sumus
981 1977 1106 2018 nullis
1145 1990 1219 2019 nos
1257 1978 1340 2019 tuis
1382 1978 1565 2028 insidiis,
1613 1979 1729 2020 nulla
1766 1980 1840 2021 tua

341 2047 594 2097 calliditate,
646 2047 761 2088 nulla
801 2046 1091 2095 cauillatione,
1144 2047 1269 2088 nullis
1299 2048 1383 2089 tuis
1413 2047 1631 2090 fraudibus
1662 2061 1784 2102 posse
1818 2061 1841 2090 a

338 2116 550 2169 proposito
582 2116 725 2168 uigore
759 2116 932 2165 deduci,
985 2115 1322 2169 quandoquidem
1365 2117 1548 2159 sciamus
1589 2117 1699 2171 quod
1732 2117 1841 2159 enim

339 2184 434 2226 finis
467 2184 716 2226 delictorum
745 2197 857 2226 mors
890 2185 963 2234 sit,
1017 2184 1166 2226 deinde
1200 2186 1387 2239 sequitur
1417 2187 1506 2227 uita
1539 2200 1644 2240 quae
1677 2199 1840 2240 semper

342 2253 408 2304 sit,
443 2253 828 2307 amplectamurque
859 2253 972 2295 beati
1004 2253 1178 2294 consilia
1210 2254 1387 2307 apostoli
1420 2255 1506 2297 eius
1541 2255 1711 2308 eiusque
1742 2254 1840 2295 imi-

340 2322 499 2364 tatores
547 2323 670 2376 atque
715 2322 940 2376 participes
989 2323 1276 2365 desideremus
1322 2324 1498 2365 inueniri
1541 2324 1610 2377 qui
1649 2323 1840 2373 adstruit,

344 2391 453 2443 quod
486 2405 579 2434 cum
610 2395 731 2433 uetus
762 2391 882 2434 homo
913 2396 1053 2434 noster
1083 2394 1379 2446 corrumpitur,
1422 2393 1495 2446 qui
1533 2394 1652 2435 intus
1683 2395 1742 2434 est
1771 2393 1841 2434 in-

482 2563 500 2595 1
527 2562 569 2597 cf.
588 2562 687 2607 Cypr.
706 2563 753 2597 ib.
771 2563 850 2604 491,
871 2563 912 2597 10
931 2573 980 2607 sq.
1068 2565 1089 2597 4
1105 2563 1191 2608 Eph.
1209 2565 1241 2606 6,
1261 2564 1394 2598 10--18
1482 2563 1525 2598 30
1541 2563 1576 2598 Π
1600 2563 1677 2599 Cor.
1695 2564 1728 2605 4,
1756 2563 1798 2598 16

389 2710 410 2742 4
436 2709 649 2755 depessslss'tus
678 2711 764 2754 (mur
781 2713 891 2754 eras.)
976 2712 996 2745 6
1023 2712 1057 2745 et
1075 2711 1259 2747 uncinaui
1341 2711 1383 2745 10
1399 2711 1565 2756 Ροεείηἱε
1592 2713 1621 2776 (hs
1640 2713 1750 2757 eras.)

348 2780 388 2812 14
413 2778 577 2814 cadentia
602 2792 622 2815 v
662 2829 683 2853 ᾖ
715 2781 758 2814 22
785 2781 950 2816 inmobile
981 2782 1021 2826 V,
1047 2793 1110 2816 em.
1139 2782 1259 2817 Titius
1285 2781 1326 2816 in
1350 2781 1451 2817 notis
1546 2781 1591 2816 24
1616 2781 1713 2816 sidiis
1741 2781 1774 2826 (¹¹
1799 2792 1844 2816 m.

346 2861 426 2903 alt.)
523 2859 567 2893 30
592 2861 773 2906 corripitur

1854 1016 1886 1040 10

1861 2057 1891 2082 25

1861 2399 1895 2424 30
