1934 3278
294 287 379 328 210

296 411 441 445 diuinus
488 427 533 441 =
580 411 797 453 futurorum
846 413 1051 455 praescius,

340 460 448 491 uates
472 457 490 492 Ι
517 459 569 498 11,
598 458 627 492 1.
655 458 685 491 7.
710 458 742 492 9.
770 458 822 492 16.
844 457 899 491 22.
925 459 976 498 18,
999 458 1050 492 10.

340 503 383 536 Λ.
408 503 463 537 38.
488 523 533 528 —-
558 503 719 537 diuinum
737 518 782 532 =
799 504 881 538 uita
907 503 1052 546 diuina,

336 548 593 594 paradisus&
619 549 637 583 I
662 550 717 591 35,
745 551 764 581 5

295 593 417 628 doctor
454 610 499 623 z
539 595 707 629 ecelesiae
738 595 890 629 antistes
926 595 964 629 II
999 595 1051 637 16,

345 641 375 673 1.
405 641 458 675 15.
484 640 538 681 22,
566 641 619 674 15.
644 643 687 673 A.
712 641 754 675 61

296 685 459 720 doctrina
484 686 581 720 uitae
607 686 645 721 Il
671 687 702 727 7,
727 687 749 720 5

296 732 422 765 doctus
461 747 506 761 =
542 732 727 775 prudens:
776 732 859 766 anni
905 734 940 766 te
981 743 1051 766 non

341 781 490 820 possunt
516 778 586 811 iam
619 778 772 822 triginta
804 778 947 812 reddere
973 777 1051 812 doc-

341 825 420 856 tum
449 823 467 857 I
493 823 553 865 26,
588 824 619 857 7.
646 824 832 857 curiositas
866 824 963 858 docti
996 824 1051 857 in-

342 869 462 902 ueniet
499 880 622 903 nomen
658 870 694 903 in
727 869 797 904 isto
829 869 867 904 ΙΙ
900 870 955 910 39,
988 870 1050 911 26,

342 914 388 955 cf.
415 914 580 949 indoctus

296 959 411 994 dolere
435 975 481 990 =
504 961 598 995 male
625 971 715 995 esse:
753 960 808 995 cui
841 961 920 1005 plus
954 961 1051 995 dolet

341 1005 438 1040 intus
456 1008 498 1040 A.
524 1007 601 1041 597.
623 1027 661 1031 -
680 1022 724 1036 =
741 1007 924 1041 misereri:
951 1007 1049 1041 doleo

342 1052 454 1085 uestri
480 1052 519 1087 ΙΙ
543 1053 597 1094 20,
624 1052 656 1086 2.
688 1053 749 1096 qui
787 1053 948 1086 nesciant
985 1052 1051 1086 ulli

340 1100 395 1139 (-—-
421 1098 534 1132 ullius
545 1099 572 1142 ?)
600 1099 717 1132 dolere
742 1098 784 1132 A.
810 1099 878 1132 908

294 1143 414 1177 dolore
439 1158 484 1173 =
509 1155 588 1178 eum
614 1144 735 1179 dolore
761 1144 799 1178 II
824 1144 880 1186 32,
908 1143 950 1178 14
975 1153 1027 1187 sq.

293 1189 398 1222 dolus
422 1204 466 1218 =
491 1189 611 1224 dolor:
641 1192 678 1224 in
713 1190 834 1224 futuro
867 1189 938 1224 tibi
971 1200 1050 1232 spes

341 1238 394 1268 est
432 1237 506 1269 sine
544 1235 624 1270 dolo
661 1236 807 1270 uiuendi
846 1235 865 1270 1
902 1235 958 1278 26,
996 1235 1050 1269 19.

338 1281 493 1315 filiorum
519 1292 620 1316 casus
657 1282 742 1316 licet
768 1283 804 1315 et
828 1281 952 1315 dolum
977 1291 1050 1315 cor-

340 1327 395 1360 dis
412 1327 594 1371 relinquat
607 1324 708 1369 1132,
725 1330 755 1362 1.
771 1327 844 1370 (Cf.
863 1328 1049 1371 Sitzanys-

340 1373 494 1407 berichte
524 1373 648 1408 CVII.
670 1385 708 1417 p.
737 1375 834 1416 786.)

293 1418 494 1453 dominator
519 1419 558 1453 ΙΙ
585 1419 637 1460 14,
665 1421 696 1453 7.
722 1420 764 1453 A.
791 1419 857 1452 257

293 1464 491 1498 dominicus
517 1465 556 1499 II
582 1465 637 1507 20,
663 1465 718 1498 21.
743 1465 785 1498 A.
810 1466 877 1499 559

293 1509 421 1543 domus
462 1512 636 1544 orationis
680 1511 718 1546 II
759 1511 814 1550 35,
857 1511 898 1544 13
942 1510 1045 1553 (bibl.)

338 1556 482 1636 {limum
498 1556 672 1590 stomachi
687 1558 743 1601 (z
751 1557 890 1600 pectus)
907 1556 1048 1599 pulsare

402 1602 457 1644 35,
483 1603 505 1636 4

293 1648 425 1681 donare
451 1663 494 1678 Ξ
521 1648 620 1690 dare,
648 1648 814 1683 tradere:
841 1647 1046 1681 uolneribus

339 1693 449 1727 donat
475 1694 513 1727 111
539 1705 653 1728 escam
680 1694 722 1727 A.
748 1694 826 1728 912.
845 1703 1046 1727 —=eon-

340 1739 494 1774 donare:
535 1741 709 1784 genitalia
752 1740 928 1783 (peccata)
973 1739 1048 1772 sola

340 1785 575 1829 donantur-(2³)
604 1786 643 1820 ΙΙ
668 1787 699 1827 5,
727 1786 759 1819 8.
808 1788 952 1828 peccata
978 1784 1047 1827 pri-

338 1830 434 1865 stina
459 1832 568 1865 donat
593 1833 635 1864 A.
662 1832 727 1865 746

291 1876 443 1910 donum:
469 1877 657 1911 facultatis
681 1877 773 1910 dona
799 1879 855 1919 (z
880 1876 1046 1919 diuitias)

338 1922 556 1956 demonstres
582 1923 621 1957 II
650 1923 702 1965 18,
730 1923 772 1956 17

290 1968 436 2002 dorsum
460 1983 505 1997 =
537 1972 696 2013 tergam:
735 1969 840 2002 dorsa
872 1979 935 2001 sua
967 1967 1048 2001 alli-

338 2013 428 2047 dunt
452 2025 557 2057 parca
595 2015 736 2058 bipinne
767 2014 786 2048 I
819 2014 873 2054 17,
906 2014 937 2047 8.
970 2013 1048 2047 dor-

338 2070 415 2093 sum
443 2061 514 2093 Deo
542 2061 698 2094 remittis
725 2061 742 2094 Ι
767 2060 821 2100 24,
848 2060 879 2092 9.
906 2059 1047 2093 dorsum

339 2115 476 2149 quoque
519 2117 634 2139 meum
679 2107 779 2149 posui
820 2105 863 2139 ad
906 2105 1048 2148 flagella

339 2151 382 2184 A.
407 2151 475 2185 354
501 2152 613 2195 (bibl.)

291 2197 461 2231 ducatus:
494 2199 644 2241 angelus
670 2198 760 2238 Alti,
793 2198 855 2242 qui
880 2197 1046 2231 ducatum

339 2242 389 2276 eis
416 2267 447 2276 ..
475 2245 632 2287 praestet
664 2243 778 2277 eundo
812 2244 854 2276 A.
880 2244 947 2278 969
973 2254 1025 2286 sq.

292 2288 420 2322 ducere
455 2303 501 2317 Ξ
536 2288 699 2331 ὑπάγειν,
737 2289 786 2323 ad
825 2289 1049 2333 supplicium

340 2334 471 2369 ducere
489 2334 531 2368 A.
557 2335 635 2369 884.
660 2354 705 2360 -
731 2335 854 2369 ducere
880 2346 915 2368 sc
931 2349 977 2364 =
993 2336 1048 2368 in-

338 2380 481 2414 cedere:
508 2381 654 2414 tramite
679 2392 741 2415 uos
760 2383 854 2415 recto
871 2381 909 2424 (22)
931 2380 1048 2415 ducite

291 2471 449 2506 duellum
467 2474 508 2515 (2³)
533 2472 571 2506 II
598 2472 652 2513 10,
680 2473 695 2505 1

291 2517 377 2551 dum
403 2529 431 2552 c.
460 2519 660 2552 coniuncta
686 2517 731 2551 da
748 2527 842 2551 nunc
860 2529 943 2562 ergo
959 2517 1047 2558 Deo,

340 2563 481 2607 fragilis
499 2564 583 2596 dum
601 2563 757 2603 moreris,
775 2563 943 2598 honorem
959 2564 977 2598 I
993 2563 1047 2605 27,

337 2609 393 2642 20.
431 2629 476 2634 ——
515 2609 599 2642 dum
637 2609 799 2643 mitteret
836 2609 972 2643 discum
1010 2610 1046 2643 in

339 2655 465 2693 altum,
492 2655 699 2698 sublapsum
721 2666 788 2688 11011
816 2656 936 2698 potuit
961 2655 1047 2688 reti-

338 2711 418 2733 11010
452 2701 469 2734 Ι
508 2701 560 2740 11,
602 2701 653 2734 19.
692 2701 898 2734 mactabant
935 2702 1046 2735 iustos

339 2771 395 2788 ..‚
430 2746 512 2779 dum
548 2746 684 2780 nollent
718 2747 873 2789 accipere
906 2746 1044 2780 frenum

338 2792 379 2824 A.
418 2792 483 2825 219
524 2802 575 2835 sq.
618 2792 701 2825 dum
743 2793 810 2825 sibi
852 2792 1045 2836 primatum

339 2837 547 2876 uindicaret,
591 2848 694 2870 causa,
735 2840 868 2871 resecta
910 2840 963 2871 est
1003 2838 1046 2870 A.

337 2883 415 2916 262.
435 2903 474 2906 —
493 2882 615 2916 Multo
633 2884 779 2926 saepias
797 2894 877 2918 eam
896 2883 1044 2918 indicat.

293 2928 483 2962 dummodo
511 2943 551 2957 Ξ
579 2929 740 2972 donem)
767 2929 784 2962 Ι
811 2929 865 2971 25,
892 2930 935 2963 18

1010 286 1151 321 Index

1112 413 1259 447 durare:
1285 413 1387 447 corde
1411 413 1538 448 durato
1564 416 1607 447 A.
1630 414 1708 449 243.
1725 413 1805 448 400.
1823 434 1868 439 -

1156 459 1314 493 intrans.
1326 459 1452 501 c.inf.:
1474 470 1553 494 cum
1567 460 1636 503 ipsi
1652 471 1722 493 non
1732 459 1867 494 durant

1156 515 1339 538 seruorum
1365 506 1455 539 talia
1481 505 1571 539 ferre
1595 506 1636 539 A.
1663 505 1731 540 755

1111 550 1238 584 durus:
1264 550 1322 584 hic
1348 561 1430 594 ergo
1455 561 1512 585 rex
1529 550 1640 585 durus
1666 553 1702 586 et
1719 551 1866 595 iniquus

1155 598 1199 630 A.
1226 596 1304 631 869.
1330 597 1459 630 nuntia
1483 596 1570 631 dura
1596 598 1640 631 A.
1664 597 1730 632 899

1109 677 1273 722 Ebibere
1288 702 1330 717 =
1345 687 1505 729 uincere,
1520 687 1743 731 opprimere:
1762 698 1868 732 quam

1156 734 1333 777 (mortem)
1372 732 1486 766 ebibit
1520 733 1694 768 Dominus
1730 733 1774 767 A.
1799 734 1867 768 362

1158 779 1263 822 (bibl.)

1111 835 1204 858 ecce:
1232 824 1357 867 stulte,
1382 835 1451 858 non
1477 835 1551 858 eras
1578 827 1614 858 et
1640 834 1715 859 ecce
1733 825 1865 859 uideris

1155 870 1173 904 I
1198 870 1253 911 24,
1278 871 1310 904 5.
1336 880 1411 904 ecce
1437 870 1597 904 uidemus
1623 871 1666 905 A.
1686 871 1765 905 800.
1792 881 1867 905 ecce

1156 916 1257 950 modo
1283 918 1376 949 mete
1401 915 1418 949 1
1443 916 1498 957 25,
1526 916 1556 950 7.
1582 926 1658 950 ecce
1683 916 1745 950 diu
1770 917 1868 950 tacui

1155 961 1194 996 ΙΙ
1219 961 1251 1003 2,
1283 962 1315 995 5.
1365 972 1439 995 ecce
1471 961 1652 995 militatur
1683 962 1721 996 11
1756 963 1810 1003 11,
1835 963 1867 996 4.

1156 1018 1230 1041 ecce
1257 1009 1517 1051 prosequuntur
1543 1007 1582 1041 II
1608 1007 1662 1047 33,
1691 1009 1743 1042 11.
1792 1018 1867 1042 ecce

1158 1053 1241 1097 quia
1267 1054 1362 1087 caeci
1386 1053 1455 1096 ipsi
1482 1055 1565 1086 sunt
1590 1054 1630 1086 A.
1657 1053 1723 1088 501

1110 1099 1257 1132 ecclesia
1281 1099 1299 1133 I
1325 1099 1380 1141 27,
1406 1099 1462 1132 22.
1487 1099 1542 1139 39,
1568 1099 1600 1132 4.
1627 1099 1665 1133 ΙΙ
1695 1098 1746 1141 14,
1768 1100 1797 1134 1.
1826 1100 1868 1133 18

1155 1145 1264 1179 inser.
1300 1144 1345 1178 20
1368 1146 1479 1179 inser.
1512 1145 1568 1186 20,
1594 1145 1625 1178 9.
1652 1144 1706 1186 28,
1734 1144 1787 1178 13.
1822 1146 1863 1177 A.

1109 1235 1268 1270 edictum
1293 1235 1311 1270 I
1336 1236 1369 1278 8,
1397 1235 1503 1279 120³).
1530 1235 1568 1270 II
1593 1235 1647 1276 26,
1673 1236 1694 1269 8

1109 1281 1245 1316 edictus
1283 1296 1328 1311 =
1361 1281 1538 1316 edictum:
1579 1281 1750 1315 titulatur
1780 1281 1865 1315 talis

1154 1328 1293 1362 edictus
1319 1328 1362 1361 A.
1387 1327 1472 1369 4623
1501 1327 1549 1369 ef.
1576 1327 1693 1360 dictus

1109 1373 1302 1416 edocere(‘?)
1330 1384 1358 1407 0.
1386 1373 1459 1407 dat.
1487 1373 1528 1406 A.
1556 1372 1643 1414 5723
1669 1372 1715 1415 cf.
1741 1373 1797 1406 58.
1823 1374 1867 1406 60

1108 1419 1254 1453 educere
1279 1433 1323 1448 Ξ
1348 1419 1547 1462 aedificare
1572 1418 1590 1452 I
1619 1419 1671 1459 10,
1696 1418 1729 1452 4.
1755 1419 1808 1459 11,
1835 1418 1867 1451 4.

1153 1487 1199 1492 -—
1222 1479 1268 1494 =
1285 1465 1399 1506 edere,
1419 1464 1634 1508 efficere(‘?):
1660 1464 1697 1497 in
1716 1474 1866 1508 quorum

1154 1511 1285 1545 itinere
1294 1510 1382 1554 quid
1396 1510 1512 1544 dicam
1525 1510 1617 1553 quod
1631 1510 1726 1544 Deus
1744 1509 1868 1544 educet

1107 1602 1262 1645 effigies:
1297 1601 1341 1636 ad
1367 1611 1516 1645 quorum
1544 1602 1696 1644 (regum)
1724 1601 1865 1645 effigies

1153 1648 1335 1682 faciebant
1361 1647 1461 1681 idola
1486 1657 1579 1680 uana
1604 1647 1624 1681 I
1649 1647 1680 1688 2,
1708 1648 1726 1680 7

1108 1694 1306 1728 effoderunt
1319 1704 1445 1727 manus
1460 1703 1554 1727 meas
1570 1708 1611 1722 z
1621 1692 1866 1736 perfoderunt

1153 1741 1195 1773 A.
1221 1740 1290 1774 270
1317 1739 1430 1781 (bibl.)

1108 1785 1216 1820 eicere
1233 1800 1278 1814 =
1296 1785 1469 1819 educere:
1487 1784 1569 1818 inde
1589 1788 1643 1828 (ε
1661 1794 1705 1818 ea:
1722 1785 1865 1828 Aegyp-

1154 1833 1206 1871 to)
1231 1831 1329 1865 Deus
1349 1831 1432 1864 illos
1458 1830 1561 1864 eiecit
1579 1831 1667 1864 duce
1684 1830 1804 1873 Moyse
1823 1831 1864 1863 A.

1155 1877 1220 1911 192
1247 1877 1305 1920 (ef.
1337 1877 1513 1919 Roensch,
1549 1876 1596 1910 1t.
1622 1887 1660 1909 u.
1695 1875 1795 1919 Valy.
1827 1887 1864 1919 p.

1108 1969 1241 2002 eiulare
1266 1968 1305 2002 II
1331 1967 1387 2009 21,
1414 1968 1457 2002 13

1109 2015 1212 2048 electi
1245 2028 1290 2042 z
1314 2014 1474 2048 homines
1497 2013 1589 2047 Dei:
1629 2013 1760 2047 bellum
1787 2024 1866 2046 cum

1155 2060 1303 2093 inferret
1340 2060 1464 2093 electis
1502 2060 1574 2093 suis
1608 2059 1644 2092 in
1679 2060 1801 2094 orbem
1827 2059 1866 2093 ΙΙ

1159 2106 1188 2147 1,
1216 2106 1269 2139 10.
1311 2104 1478 2139 Christus
1504 2105 1688 2138 descendit
1715 2106 1757 2139 ad
1785 2117 1866 2139 suos

1156 2152 1284 2185 electos
1311 2150 1349 2184 ΙΙ
1377 2152 1406 2191 1,
1433 2152 1496 2194 22;
1522 2151 1569 2193 ef.
1596 2150 1731 2184 dilecti.
1766 2151 1866 2193 (Post

1155 2207 1331 2231 consonas
1356 2197 1498 2230 litteras
1523 2198 1664 2237 electus,
1692 2201 1779 2240 post
1804 2209 1866 2230 uo-

1154 2243 1248 2277 cales
1267 2243 1418 2276 dilectus
1436 2254 1459 2276 a
1483 2242 1740 2277 Commodiano
1758 2253 1866 2277 usur—

1153 2290 1294 2332 patar.)

1108 2334 1238 2368 elidere
1264 2348 1306 2363 Ξ
1332 2334 1541 2367 interimere
1566 2333 1584 2367 I
1611 2335 1663 2374 15,
1693 2335 1709 2368 1

1110 2380 1247 2424 ellipsis
1255 2390 1423 2423 proaem.
1438 2379 1632 2413 demonstr.
1646 2384 1730 2414 ante
1743 2380 1845 2413 relat.
1859 2393 1865 2411 :

1155 2426 1247 2460 unde
1273 2437 1343 2459 non
1377 2426 1525 2468 effugies
1559 2427 1676 2469 (eum),
1715 2436 1865 2469 poenam

1155 2474 1236 2515 post
1261 2472 1337 2505 fata
1363 2473 1424 2515 qui
1451 2473 1556 2514 ponet
1575 2471 1592 2505 I
1610 2471 1663 2512 215,
1685 2471 1737 2505 12.
1764 2471 1865 2504 uadis

1156 2518 1217 2562 (eo)
1251 2517 1312 2550 ubi
1344 2518 1458 2550 nescis
1491 2517 1509 2550 I
1540 2517 1595 2557 30,
1622 2518 1653 2550 3.
1703 2527 1795 2550 nunc
1823 2544 1829 2549 .
1859 2544 1864 2549 .

1154 2565 1209 2597 fas
1235 2566 1289 2596 est
1317 2563 1453 2596 credere
1482 2563 1547 2606 (ez),
1574 2573 1675 2605 quem
1703 2562 1786 2595 libri
1808 2562 1862 2595 de-

1154 2609 1301 2652 signant
1327 2608 1369 2641 A.
1387 2609 1464 2642 435.
1492 2618 1562 2641 11011
1582 2610 1634 2641 est
1655 2608 1757 2652 culpa
1776 2608 1864 2641 satis

1154 2665 1226 2688 una
1260 2655 1350 2697 (eis),
1389 2654 1450 2698 qui
1491 2653 1625 2687 credere
1661 2655 1787 2687 nolunt
1822 2654 1863 2686 A.

1151 2700 1231 2734 439.
1272 2701 1303 2733 si
1328 2700 1426 2742 prius
1461 2710 1529 2732 non
1555 2699 1711 2742 digitum
1738 2699 1864 2732 misero

1154 2748 1227 2790 (eo),
1261 2746 1323 2779 ubi
1357 2746 1449 2779 claui
1475 2745 1618 2778 fuerunt
1650 2744 1692 2778 A.
1719 2745 1796 2780 557.
1821 2765 1867 2770 —

1152 2792 1208 2825 ell.
1230 2801 1338 2834 pron.
1367 2791 1575 2833 indefiniti:
1612 2801 1703 2824 nunc
1738 2791 1768 2824 si
1795 2802 1863 2823 11011

1152 2837 1260 2870 habes
1286 2837 1521 2881 (quidquam),
1555 2836 1682 2877 collige
1719 2836 1737 2870 Ι
1763 2836 1816 2871 25.
1844 2837 1865 2869 8

1153 2882 1212 2926 (cs.
1228 2883 1300 2916 Eu.
1316 2883 1452 2916 Mattlz.
1470 2884 1529 2922 25,
1548 2884 1598 2915 29
1621 2881 1743 2926 Valy).
1771 2886 1863 2914 certe

1153 2929 1182 2961 si
1211 2929 1311 2972 (quis)
1340 2939 1408 2961 11011
1435 2928 1508 2971 ipse
1528 2930 1679 2971 pugnat,
1705 2927 1759 2961 uel
1780 2939 1862 2971 sug—
