1934 3278
562 251 779 286 Moriendum
805 263 880 286 esse
904 263 964 297 pro
991 252 1047 287 dei
1071 253 1155 288 filio.
1530 256 1619 299 285

116 380 322 423 clamante
354 378 531 420 ueritate
562 378 653 432 ipsa
683 378 906 432 cogereris,
939 379 1244 433 disceptatione
1274 380 1434 422 reiecta
1456 381 1509 423 ad
1530 382 1617 423 uir-

114 450 249 491 tutem
288 446 611 501 confugiendum
651 447 863 489 censueris
909 447 1119 501 fragilium
1166 460 1375 491 armorum
1416 449 1616 492 tuorum?

111 519 330 571 tamquam
361 528 505 570 posses
537 515 663 558 armis
694 515 915 570 fragilibus
953 516 1192 559 inmortalia
1223 517 1331 559 dona
1361 519 1615 560 consecutu-

115 599 182 629 ros
224 597 419 640 superare
459 584 653 627 inimicus
703 584 869 626 diuinae
917 585 1152 642 religionis,
1204 586 1423 640 religiosos
1472 599 1619 629 seruos

84 654 272 698 ⁵Christi
301 666 546 708 praecursor
579 652 824 703 antichristi,
860 652 1016 696 milites
1049 654 1116 696 dei
1148 667 1218 697 eos
1250 667 1353 709 quos
1388 655 1443 697 ad
1475 656 1615 697 aeter-

117 737 190 766 nas
222 722 453 765 diuinitatis
484 735 584 765 suae
614 721 885 776 perfruendas
918 723 1125 766 amicitias
1157 724 1304 767 unicus
1328 724 1392 766 est
1411 723 1524 766 filius
1547 724 1615 766 dei

115 792 293 834 inuitare
326 791 520 846 dignatus
552 791 718 833 dicens:
750 791 860 834 beati
890 793 1001 846 estis,
1035 806 1131 835 cum
1160 806 1234 836 uos
1265 793 1359 836 odio
1390 793 1615 836 habuerint

116 862 302 904 homines
331 864 368 903 et
398 861 690 903 maledicentes
713 864 1031 914 persequentur,
1070 864 1108 903 et
1137 862 1448 916 exprobrabunt
1478 865 1517 904 et
1545 862 1617 904 di-

116 933 206 973 cent
237 930 464 972 aduersum
493 942 570 971 uos
601 942 719 971 omne
750 929 923 973 malum.
973 931 1152 984 qaudete
1182 934 1221 973 et
1250 931 1475 984 eaesultate‚
1514 944 1617 984 quo-

67 1010 100 1036 10
117 999 237 1041 niam
273 1011 425 1040 merces
462 1000 605 1040 uestra
642 997 778 1040 multa
817 1001 875 1041 est
905 999 954 1041 in
985 1000 1118 1053 caelo,·
1163 1000 1223 1042 sic
1263 1000 1376 1042 enim
1408 1000 1619 1052 persecuti

116 1071 217 1110 sunt
245 1070 284 1109 et
305 1066 536 1120 prophetas
566 1067 640 1120 qui
671 1070 792 1109 erant
823 1070 921 1109 ante
951 1080 1038 1111 uos.
1071 1080 1145 1110 nos
1175 1068 1221 1109 tu
1252 1068 1294 1109 in
1328 1067 1518 1110 omnibus
1549 1067 1617 1109 in-

117 1135 261 1190 potens
295 1134 345 1177 de
376 1135 509 1189 gradu
540 1135 698 1188 putasti
727 1134 903 1188 pellere,
941 1136 1016 1178 hos
1041 1136 1303 1189 prosternere
1336 1148 1439 1189 quos
1469 1135 1621 1178 uideas

115 1205 272 1246 idcirco
305 1216 396 1245 esse
426 1204 594 1257 paratos
625 1216 697 1257 pro
729 1203 851 1245 unico
884 1204 950 1246 dei
990 1204 1170 1246 interfici
1208 1204 1317 1254 filio,
1358 1204 1469 1258 quod
1509 1204 1618 1245 enim

118 1273 321 1327 elegerint
350 1285 429 1314 non
460 1273 677 1314 uobiscum
709 1273 978 1326 negatoribus
1002 1273 1188 1327 torqueri
1211 1273 1321 1327 apud
1343 1272 1509 1323 inferos,
1542 1272 1617 1314 sed

68 1352 100 1378 1⁵
118 1342 300 1384 caeleste
334 1341 530 1395 consequi
561 1353 755 1395 regnum3
787 1342 861 1383 hos
891 1354 964 1395 per
996 1342 1162 1384 inanem
1192 1343 1310 1396 regni
1340 1342 1403 1383 tui
1433 1342 1618 1384 auctori-

116 1412 248 1453 tatem
271 1423 493 1453 censueras
523 1411 656 1452 temet
687 1412 983 1464 superaturum
1015 1412 1086 1465 qui
1119 1412 1186 1454 dei
1216 1412 1375 1465 templa
1406 1424 1497 1453 esse
1528 1411 1623 1464 ipsa

118 1481 375 1523 confessione
412 1479 512 1521 fidei
553 1492 652 1521 suae
694 1480 942 1522 clarescunt.
995 1482 1043 1522 ut
1085 1481 1193 1522 enim
1235 1493 1309 1523 uos
1346 1480 1511 1522 Arriani
1541 1491 1618 1520 ne-

116 1549 253 1603 gando
294 1549 426 1590 filium
468 1548 534 1589 dei
576 1548 720 1591 domos
761 1562 851 1591 esse
890 1550 1078 1591 inmundi
1116 1550 1285 1603 spiritus
1317 1550 1489 1591 uocibus
1519 1561 1618 1602 pro-

117 1619 335 1673 phetarum
368 1617 650 1671 apostolorum
683 1618 807 1671 atque
838 1631 1052 1661 sacrorum
1084 1619 1398 1676 euangeliorum
1420 1617 1618 1671 designa-

66 1700 100 1725 ιο
117 1688 230 1736 mini,
262 1687 321 1727 ita
353 1687 421 1739 qui
453 1686 586 1728 filium
617 1686 685 1728 dei
707 1687 954 1730 confitemur
974 1688 1132 1741 templa
1154 1688 1221 1730 dei
1244 1700 1335 1730 esse
1358 1687 1623 1742 ostendimus

119 1769 203 1798 nos.
237 1755 391 1797 milites
425 1755 491 1796 dei
522 1756 619 1797 tuae
642 1756 908 1798 carnificinae
932 1757 1205 1798 succumbere
1226 1757 1412 1810 potuisse
1435 1754 1621 1796 crudelis

120 1826 243 1879 atque
284 1824 490 1878 sacrilega
520 1837 638 1866 mens
676 1825 750 1866 tua
790 1826 1128 1879 suggestionibus
1159 1826 1304 1868 fauens
1335 1824 1618 1867 cohaeretico-

117 1907 209 1935 rum
246 1894 414 1935 tuorum
451 1894 810 1947 praesumpserat,
851 1907 924 1936 nos
957 1907 1059 1948 quos
1095 1895 1253 1948 templa
1285 1907 1360 1936 sua
1392 1893 1494 1935 dicit
1526 1905 1618 1934 esse

120 1962 223 2004 deus
254 1961 334 2004 sic:
374 1963 576 2015 quoniam
606 1962 851 2004 inhabitabo
882 1964 931 2005 in
961 1963 1051 2005 illis
1081 1967 1119 2006 et
1148 1965 1260 2006 inter
1289 1976 1353 2005 eos
1383 1961 1619 2014 ambulabo,

68 2043 101 2069 8⁵
118 2034 155 2073 et
184 2045 252 2074 ero
284 2031 455 2073 illorum
484 2031 585 2073 deus
615 2034 654 2072 et
683 2032 769 2084 ipsi
797 2035 921 2074 erunt
951 2032 1059 2074 mihi
1081 2033 1285 2086 populus.
1328 2033 1402 2074 hos
1441 2032 1483 2074 te
1522 2031 1619 2074 uin-

120 2111 213 2142 cere
244 2099 429 2153 potuisse
460 2099 725 2141 iudicaueras
747 2113 849 2153 quos
873 2101 1084 2154 apostolus
1106 2101 1296 2143 hortatur
1322 2101 1470 2143 tollere
1494 2101 1618 2143 deum

121 2170 162 2210 et
191 2169 357 2222 portare
387 2167 429 2209 in
462 2168 701 2221 corporibus
733 2169 831 2218 suis,
863 2169 938 2211 hos
969 2171 1011 2211 te
1045 2170 1170 2211 armis
1201 2170 1389 2212 futilibus
1410 2169 1528 2223 regni
1556 2169 1617 2210 tui

121 2237 312 2290 subigere
344 2237 529 2290 potuisse
561 2237 699 2278 fueras
732 2238 900 2291 quidem
934 2239 1181 2287 arbitratus;
1215 2239 1288 2281 sed
1320 2239 1535 2292 perspicis,
1577 2238 1617 2279 in

118 2307 190 2348 tuo
229 2306 386 2360 palatio
426 2306 536 2348 intra
574 2307 714 2348 uelum
752 2308 854 2349 licet
892 2309 1007 2350 stans
1045 2308 1181 2350 tulisti
1219 2320 1464 2362 responsum
1497 2320 1521 2347 a
1551 2319 1618 2347 me

0 2407 1 2410 ,
70 2374 174 2415 aoad
214 2374 543 2417 conseruandam
582 2375 760 2416 salutem
799 2389 941 2418 omnes
983 2377 1050 2418 dei
1090 2389 1233 2418 seruos
1274 2376 1438 2417 calcata
1466 2374 1618 2416 friuola

0 2436 2 2518 ἰ
124 2444 370 2485 auctoritate
401 2445 475 2485 tua
504 2445 642 2485 mente
667 2444 882 2485 uoluntate
906 2444 1043 2487 studio
1066 2445 1220 2500 uirtute
1243 2456 1347 2486 uoce
1371 2443 1616 2485 consentire.

257 2546 274 2579 7
303 2546 429 2580 Matth.
455 2547 487 2586 5,
516 2547 567 2580 11.
595 2546 636 2580 12
731 2547 774 2580 24
799 2546 831 2579 ΙΙ
856 2545 934 2583 Cor.
961 2547 992 2587 7,
1021 2547 1062 2582 16
1155 2547 1199 2580 25
1226 2546 1267 2581 cf.
1294 2546 1371 2582 Cor.
1397 2547 1428 2586 6,
1455 2545 1499 2578 20

191 2637 206 2670 1
235 2637 366 2681 cogeris
400 2650 441 2673 m.
467 2642 484 2672 1
626 2638 646 2671 2
679 2638 854 2682 fragilium
879 2638 1103 2672 Arrianorum
1133 2639 1269 2672 tuorum
1304 2637 1475 2671 censueris
1508 2648 1527 2671 ι·

123 2706 142 2738 7
165 2705 269 2740 hodio
375 2706 396 2741 8
422 2706 629 2751 exprobrant
659 2708 699 2747 V,
726 2718 788 2741 em.
818 2718 835 2740 υ
940 2706 982 2740 14
1007 2687 1075 2740 ηοΙΙ
1153 2707 1237 2750 aput
1330 2706 1372 2739 16
1397 2707 1620 2749 superaturos

127 2763 196 2805 Vv,·
221 2773 284 2797 em.
312 2762 426 2797 Coleti
532 2764 573 2797 17
600 2763 703 2798 fidaei
805 2763 848 2797 20
874 2764 925 2797 ita
951 2763 1007 2807 qui
1033 2763 1127 2798 coni.
1155 2763 1274 2797 Titius
1300 2763 1341 2796 in
1364 2762 1475 2805 notis,
1501 2762 1620 2806 itaque

130 2819 188 2862 Vv,
213 2820 264 2854 ita
290 2830 391 2864 quum
417 2821 509 2855 coni.
534 2820 761 2855 Gallandius
854 2820 897 2854 22
916 2820 1235 2864 quohaereticorum
1254 2830 1391 2853 suorum
1485 2818 1529 2853 28
1545 2830 1621 2863 per-

125 2877 239 2921 spicis]
266 2887 341 2911 cum
367 2877 455 2912 add.
483 2877 607 2918 Comi,
633 2878 812 2922 perspicue
840 2877 898 2912 uel
923 2878 1139 2921 perspicuum
1168 2876 1263 2911 Gall.
1358 2875 1401 2910 30
1425 2875 1550 2910 fribola
