1934 3278
581 276 634 310 De
659 278 781 310 sancto
807 276 1002 311 Athanasio
1029 276 1118 311 liber
1142 277 1183 312 ΙΙ.
1560 281 1636 322 191

134 404 213 446 lari
232 402 476 451 mandares;
500 403 575 444 sed
597 403 695 456 quia
717 403 775 444 sis
798 404 958 445 amator
974 403 1255 452 tenebrarum,
1280 405 1429 458 quippe
1451 405 1637 456 tenebra,

135 473 232 526 quia
262 472 344 514 sint
375 483 501 525 opera
529 472 603 513 tua
634 471 758 520 mala,
792 471 960 513 noluisti
984 484 1070 513 rem
1094 484 1218 524 quam
1243 473 1457 516 detuleras
1478 475 1638 528 plenis-

135 542 238 583 sime
262 541 486 583 examinari
509 553 582 594 per
604 540 669 582 dei
688 541 941 583 sacerdotes.
975 554 1050 583 cur
1069 542 1270 585 noluisti?
1293 542 1369 584 nisi
1389 543 1488 596 quia
1507 544 1638 584 timu-

136 612 216 653 eris
247 623 350 664 opus
379 610 502 650 tuum
532 609 736 663 publicari
760 610 1054 663 serpentinum.
1088 612 1191 653 dum
1215 625 1362 653 sumus
1381 613 1430 653 in
1450 625 1633 665 corpore,

103 690 116 715 5
134 680 269 734 inquit
300 678 526 733 apostolus,
551 679 885 733 pereyrinamur
915 694 943 720 a
963 680 1158 734 domino;
1189 694 1239 722 ex
1257 681 1339 735 fide
1358 682 1471 722 enim
1491 681 1640 723 ambu-

136 750 275 791 lamus
304 762 391 790 non
417 761 496 801 per
527 748 717 801 speciem.
778 749 982 790 audemus
1019 751 1146 791 etiam
1184 749 1339 791 bonam
1368 750 1637 792 uoluntatem

135 819 328 860 habentes
358 818 498 871 mayis
528 817 805 870 peregrinari
844 830 873 858 a
903 830 1072 870 corpore
1109 820 1148 859 et
1177 821 1426 871 praesentes
1465 832 1548 861 esse
1577 820 1635 861 ad

135 887 368 941 dominum,
401 889 437 928 et
459 886 752 928 contendimus
781 886 872 927 siue
893 886 1078 928 absentes
1098 887 1187 929 siue
1200 891 1445 940 praesentes
1464 888 1634 942 placere

134 956 218 998 illi.
249 969 351 997 nam
382 968 522 997 omnes
552 967 630 997 nos
649 957 806 1007 oportet
826 955 1103 1007 manifestari
1125 959 1223 998 ante
1244 957 1437 999 tribunal
1458 957 1639 1012 Christi,

86 1032 118 1057 10
136 1028 182 1067 ut
209 1026 322 1079 ferat
353 1024 644 1077 unusquisque
666 1025 856 1077 propria
888 1025 1091 1077 corporis,
1125 1026 1357 1067 secundum
1376 1027 1485 1079 quod
1514 1028 1642 1080 yessit

133 1095 224 1136 siue
262 1094 416 1136 bonum
453 1094 544 1135 siue
584 1093 758 1135 malum.
823 1093 864 1134 et
912 1093 1182 1135 Constantius
1229 1095 1465 1136 haereticus
1513 1095 1639 1137 dicis:

133 1165 333 1206 damnate
373 1162 615 1206 Christiani
654 1161 964 1204 Christianum.
1027 1174 1101 1203 cur
1140 1162 1217 1203 hoc
1251 1163 1384 1204 dicis?
1425 1164 1503 1205 nisi
1543 1164 1641 1217 quia

135 1232 307 1273 fundere
330 1231 578 1285 sanguinem
599 1231 818 1281 iustorum,
843 1231 1132 1284 derelinquere
1153 1231 1279 1272 etiam
1298 1231 1420 1273 deum
1441 1233 1482 1273 et
1504 1233 1639 1273 susci-

135 1313 233 1354 pere
264 1301 550 1343 idololatriam
581 1301 658 1342 hoc
693 1313 784 1342 esse
817 1300 1020 1353 optimum
1053 1299 1278 1341 censueris.

86 1381 117 1407 1⁵
192 1370 371 1412 XXIIII.
404 1369 487 1412 Sed
508 1370 659 1411 iterum
681 1370 724 1411 te
746 1370 918 1411 obsecro
940 1369 1126 1423 piissime
1150 1381 1380 1422 cognoscas
1401 1369 1640 1423 imperator,

134 1451 230 1480 cum
261 1439 317 1480 sis
351 1439 393 1480 et
422 1438 534 1479 unici
566 1438 642 1479 filii
676 1438 741 1479 dei
772 1438 947 1492 negator
979 1438 1021 1479 et
1050 1437 1089 1478 in
1125 1450 1219 1479 eum
1251 1438 1511 1480 credentium
1543 1451 1640 1492 per-

134 1507 314 1557 secutor,
347 1507 381 1548 si
413 1520 491 1549 non
524 1519 677 1560 conpar
698 1507 781 1548 illis
803 1506 1042 1555 inueniaris,
1076 1519 1249 1559 quorum
1275 1507 1316 1547 in
1338 1506 1515 1549 Actibus
1538 1521 1639 1561 apo-

135 1577 337 1619 stolorum
370 1576 620 1618 describitur
642 1576 848 1629 nequitia:
882 1590 977 1617 cum
997 1590 1160 1630 mayna
1179 1576 1387 1618 dissensio
1409 1579 1511 1618 esset
1529 1577 1642 1618 inter

134 1645 244 1696 illos,
275 1646 429 1687 timens
460 1645 656 1687 tribunus
686 1658 738 1687 ne
767 1647 922 1698 raptus
939 1645 1092 1698 fuisset
1112 1643 1282 1686 Paulus
1305 1645 1357 1686 ab
1379 1645 1481 1694 illis,
1519 1646 1643 1687 iussit

85 1731 119 1756 20
135 1715 359 1756 exercitum
388 1713 635 1756 descendere
666 1717 704 1755 et
733 1727 884 1767 rapere
914 1713 1077 1755 eumin
1098 1713 1263 1755 castris.
1292 1715 1481 1767 sequenti
1502 1717 1643 1756 autem

135 1787 252 1826 nocte
289 1784 503 1826 adsistens
541 1784 580 1824 ei
618 1783 812 1825 dominus
855 1784 944 1824 ait:
989 1784 1186 1824 constans
1224 1785 1337 1833 esto;
1381 1783 1492 1825 sicut
1528 1783 1642 1825 enim

136 1853 384 1905 testificatus
404 1865 446 1894 es
466 1852 515 1894 de
536 1865 600 1893 me
619 1853 670 1893 in
690 1851 980 1907 Hierusalem,
1012 1850 1073 1893 sic
1094 1853 1252 1904 oportet
1273 1854 1310 1893 te
1330 1851 1458 1893 etiam
1482 1851 1643 1893 Romae

135 1921 369 1975 testificari.
402 1920 523 1973 facta
554 1924 695 1964 autem
724 1921 791 1964 die
821 1920 1078 1974 colleqerunt
1104 1932 1146 1962 se
1176 1920 1354 1973 quidam
1384 1934 1435 1962 eoe
1466 1920 1643 1963 Iudaeis

134 1993 174 2033 et
192 1990 452 2033 deuouerunt
472 2003 515 2032 se
534 1990 718 2032 dicentes
739 2002 870 2044 neque
894 1989 1154 2031 manducare
1175 2001 1306 2042 neque
1335 1988 1481 2043 bibere,
1513 1989 1643 2031 donec

86 2073 120 2099 25
135 2059 370 2102 occiderent
401 2058 606 2101 Paulum.
659 2062 782 2100 erant
811 2061 953 2100 autem
982 2058 1070 2110 fere
1099 2057 1391 2111 quadrayinta
1429 2058 1503 2111 qui
1532 2057 1643 2099 hanc

134 2127 471 2171 coniurationem
500 2129 703 2182 fecerant,
735 2128 810 2182 qui
839 2130 878 2169 et
908 2130 1174 2169 accesserunt
1193 2127 1250 2169 ad
1267 2127 1487 2180 principes
1506 2139 1642 2169 sacer-

135 2198 280 2240 dotum
311 2200 349 2239 et
372 2197 684 2239 indicauerunt
701 2197 906 2239 dicentes.-
935 2196 1196 2238 deuotionem
1216 2196 1413 2237 nouimus
1433 2208 1510 2237 nos
1530 2194 1644 2236 nihil

134 2268 304 2319 qustare
335 2269 383 2307 in
414 2268 560 2316 totum,
593 2267 721 2308 donec
760 2265 1001 2308 occidamus
1031 2264 1223 2306 Paulum
1234 2279 1250 2317 ,·
1287 2278 1404 2306 nunc
1445 2276 1539 2318 eryo
1567 2276 1645 2305 uos

136 2333 316 2388 colliyite
347 2334 578 2376 concilium
608 2337 645 2375 et
676 2337 822 2376 notum
861 2334 988 2387 facite
1027 2333 1214 2384 tribune,
1259 2336 1305 2374 ut
1342 2332 1519 2374 deducat
1551 2344 1644 2373 eum

88 2415 121 2440 30
138 2401 195 2443 ad
224 2416 299 2444 uos
330 2403 456 2456 quasi
496 2402 546 2444 de
576 2416 620 2445 eo
658 2403 909 2457 diliyentius
939 2402 1227 2455 quaesituros,·
1265 2414 1340 2443 nos
1370 2414 1470 2443 uero
1490 2400 1643 2454 prius-

137 2484 265 2525 quam
295 2471 536 2524 adpropiet,
572 2472 726 2525 parati
765 2484 912 2513 sumus
948 2471 1182 2524 interficere
1219 2483 1325 2512 eum.
1387 2469 1423 2511 si
1462 2481 1540 2510 non
1575 2467 1643 2511 dei

143 2539 405 2581 sacerdotem
442 2539 523 2581 isto
554 2539 696 2593 petisti
728 2552 881 2594 genere
913 2538 1204 2589 Athanasium,
1238 2538 1271 2580 si
1304 2550 1382 2580 non
1416 2537 1528 2579 aliud
1562 2536 1642 2578 fin-

276 2688 298 2721 4
322 2688 356 2723 Π
380 2688 457 2724 Cor.
483 2689 515 2729 5,
541 2689 653 2723 6-10
749 2689 792 2724 18
816 2689 895 2724 Act.
919 2688 975 2730 23,
1004 2688 1136 2723 10—15

210 2823 232 2857 9
257 2824 369 2858 omnis
497 2825 537 2859 11
565 2807 652 2881 dicii
770 2825 811 2860 14
835 2825 1035 2862 idolatriam
1151 2824 1319 2859 obtimum
1434 2824 1480 2858 28
1503 2824 1644 2869 gustate

145 2904 185 2927 m.
213 2895 230 2926 1
326 2891 370 2927 32
395 2893 425 2927 si
450 2894 598 2938 scripsi,
625 2893 695 2927 nisi
730 2895 761 2928 V
784 2894 847 2937 (ef.
873 2897 952 2937 146,
977 2895 1040 2936 25)
1138 2893 1226 2928 aliut
