1934 3278
309 235 338 277 4
968 234 1166 268 Luciferi

310 361 408 402 isset
447 361 494 401 in
532 360 849 402 tabernaculum
882 360 1063 414 Moyses,
1096 360 1365 401 descendebat
1395 360 1589 402 columna
1630 361 1753 402 nubis
1784 365 1819 403 et

309 430 449 471 stabat
480 429 528 470 in
560 430 696 470 ianua
727 429 993 470 tabernaculi
1031 431 1069 470 et
1100 428 1345 481 loquebatur
1379 428 1536 482 Dloysi,
1576 433 1612 470 et
1654 430 1821 471 uidebat

311 498 449 539 omnis
476 498 660 550 populus
682 497 922 539 columnam
956 497 1078 539 nubis
1109 500 1291 538 stantem
1316 497 1359 537 in
1382 497 1521 538 ianua
1543 498 1817 547 tabernaculi,

308 570 346 607 et
384 570 501 608 stans
539 570 648 608 totus
683 566 864 619 populus
905 568 1194 608 adorauerunt
1241 566 1529 618 suriusquisque
1567 566 1623 607 ad
1663 567 1818 608 ostium

310 634 582 686 tabernaculi,
606 638 642 676 et
664 635 823 676 loeutus
844 638 900 675 est
922 635 1116 676 dominus
1143 635 1199 676 ad
1219 635 1395 688 ,Moysen
1410 634 1564 687 palam
1586 635 1633 675 in
1648 635 1817 687 palam,
1856 645 1873 670 5

309 703 657 755 quemadmodum
679 703 772 755 quis
795 702 981 755 loquitur
1002 703 1057 744 ad
1079 703 1263 744 amicum
1287 716 1423 744 suum.
1464 703 1658 744 minister
1679 706 1818 745 autem

308 771 467 812 Hiesus
504 772 623 824 fil-ius
654 772 779 813 Naue
819 771 964 813 iunior
1001 785 1086 812 non
1117 772 1275 813 exiebat
1315 773 1364 814 de
1404 772 1684 813 tabernaculo.
1744 785 1819 826 per

309 840 419 893 quod
457 839 615 881 factum
656 839 868 881 ostensum
910 841 972 882 est
1011 853 1085 882 uos
1125 841 1165 881 in
1207 840 1329 881 deum
1368 840 1591 894 peccantes
1623 840 1818 882 uitandos

308 909 672 961 secedendumque
706 921 796 949 esse
832 921 854 949 a
886 908 1016 950 uobis.
1071 909 1145 951 sed
1175 909 1331 962 inquit:
1373 922 1471 952 ecce
1511 910 1678 964 Moyses
1717 909 1819 951 licet

309 977 387 1018 alio
419 978 459 1018 in
489 977 582 1019 1000
621 977 813 1019 habuerit
851 977 1183 1028 tabernaculum,
1223 978 1364 1019 tamen
1397 990 1476 1019 non
1517 978 1702 1019 deseruit
1739 990 1816 1031 po-
1838 986 1872 1010 10

305 1047 462 1099 pulum,
504 1046 577 1088 sed
616 1046 806 1088 hortatus
847 1047 911 1087 est
949 1059 1018 1089 eos
1059 1046 1267 1099 corrigere
1306 1046 1397 1088 uias
1430 1058 1615 1088 errorum
1649 1059 1817 1088 suorum

308 1114 384 1156 deo
424 1115 613 1168 propitio.
676 1127 750 1156 nec
783 1115 825 1156 hi
859 1115 928 1168 qui
959 1115 1031 1156 tuo
1064 1115 1284 1169 sacrilegio
1317 1115 1485 1156 misceri
1515 1117 1819 1157 recusauerunt

307 1183 456 1225 desunt
489 1185 538 1226 ab
570 1184 634 1226 his
657 1183 825 1231 officiis,
861 1182 943 1224 dici
966 1182 1119 1223 etenim
1140 1182 1218 1224 tibi
1240 1183 1472 1237 cognoscis,
1506 1183 1584 1225 nisi
1607 1184 1698 1225 uias
1720 1196 1816 1225 cor-

303 1253 460 1295 rexeris
490 1253 600 1304 tuas,
634 1251 745 1305 quod
777 1251 832 1293 sis
865 1251 906 1292 in
939 1251 1155 1292 aeternum
1186 1251 1408 1305 periturus.

362 1322 415 1362 II.
449 1321 498 1362 Id
521 1321 631 1375 quod
659 1333 755 1374 ergo
777 1320 994 1362 intendere
1018 1332 1290 1374 coeperamus
1309 1333 1389 1374 quo
1406 1321 1573 1374 penitus
1589 1333 1815 1374 possumus
1836 1328 1870 1352 15

302 1390 532 1443 perducere
557 1390 609 1431 ad
630 1388 931 1443 probationem,
957 1388 1149 1442 quotiens
1168 1389 1446 1430 murmurauit
1467 1390 1643 1443 populus
1670 1390 1816 1432 contra

305 1458 428 1500 deum
470 1459 510 1499 et
547 1458 858 1499 insurrexerunt
897 1458 937 1499 in
977 1458 1169 1512 Moysen,
1215 1458 1359 1512 legisti
1400 1458 1524 1499 deum
1566 1458 1718 1499 dixisse
1761 1458 1813 1500 ad

302 1527 474 1582 Moysen
508 1527 549 1568 et
579 1526 738 1569 Aaron:
770 1529 940 1570 secedite
962 1542 981 1569 e
1001 1529 1135 1570 medio
1156 1528 1304 1580 populi
1329 1527 1458 1569 huius
1478 1528 1811 1580 indisciplinati,

301 1599 575 1647 contumaces,
608 1599 645 1638 et
675 1596 920 1650 disperdam
950 1609 1014 1638 eos
1046 1610 1127 1650 eqo.
1172 1596 1271 1649 quid
1295 1596 1423 1650 igitur
1446 1609 1520 1638 nos
1551 1596 1643 1637 uult
1673 1596 1812 1637 facere

300 1664 379 1706 nisi
409 1664 456 1705 ut
486 1677 561 1706 uos
591 1664 924 1718 indisciplinatos
957 1665 998 1705 et
1029 1665 1298 1706 contumaces
1336 1665 1559 1719 fugiamus,
1599 1678 1648 1706 ne
1689 1665 1814 1707 simul
1832 1682 1866 1707 20

301 1733 519 1775 uobiscum
551 1733 660 1774 sicut
689 1733 752 1774 illi
785 1733 854 1786 qui
886 1746 981 1775 cum
1015 1733 1148 1775 Chore
1180 1734 1346 1775 Dathan
1389 1734 1430 1774 et
1461 1734 1616 1775 Abiron
1649 1734 1814 1775 fuerant

300 1802 524 1843 coadunati
545 1804 794 1855 pereamus?
828 1802 899 1843 aut
924 1802 1096 1855 negabis
1117 1802 1159 1843 te
1180 1802 1537 1855 indisciplinatum
1561 1802 1685 1855 atque
1709 1815 1810 1844 con—

298 1871 538 1912 tumacem?
569 1871 731 1924 respice
765 1871 882 1912 actus
913 1871 1007 1912 tuos
1031 1871 1143 1911 circa
1165 1870 1320 1911 domini
1344 1870 1546 1912 exhibitos
1572 1872 1809 1921 ecclesiam,

301 1940 341 1981 et
370 1940 558 1981 inuenies
591 1952 715 1993 quam
748 1940 803 1980 sis
834 1938 1170 1992 indisciplinatus
1203 1939 1326 1992 atque
1359 1940 1593 1980 contumax.
1626 1940 1665 1980 in
1698 1940 1809 1981 Deu-

296 2008 528 2050 teronomio
563 2008 665 2049 dicit
693 2008 882 2063 Moyses:
915 2021 1001 2049 non
1026 2008 1193 2061 ponetis
1224 2009 1280 2050 ad
1311 2021 1374 2049 eos
1410 2011 1703 2051 testamentum
1734 2023 1808 2050 ne·
1829 2023 1864 2048 25

298 2092 373 2130 que
404 2078 693 2119 misereamini
726 2077 796 2126 eis,
830 2089 958 2129 neque
989 2076 1164 2117 tradetis
1196 2076 1254 2116 eis
1283 2075 1400 2129 filias
1431 2079 1595 2117 uestras
1627 2080 1808 2129 nuptum

298 2159 429 2198 neque
460 2145 580 2187 dabis
610 2146 701 2199 filio
736 2148 804 2186 tuo
836 2145 975 2198 filiam
1005 2145 1146 2200 illius,
1177 2145 1339 2186 seducet
1370 2145 1482 2186 enim
1512 2145 1652 2197 filium
1683 2149 1804 2187 tuum

301 2227 329 2255 a
360 2228 423 2255 me
455 2216 492 2255 et
522 2214 675 2255 seruiet
705 2215 789 2255 diis
822 2213 986 2257 alienis.
1021 2217 1057 2255 et
1088 2214 1295 2255 irascetur
1328 2214 1394 2255 ira
1425 2214 1620 2255 dominus
1651 2214 1698 2254 in
1728 2227 1804 2256 uos

297 2285 333 2324 et
378 2282 672 2323 exterminabit
718 2286 753 2323 te
797 2283 890 2324 cito.
952 2294 1048 2323 cum
1088 2282 1191 2323 11300
1234 2282 1405 2323 mandet
1446 2282 1549 2332 fieri,
1599 2282 1806 2335 quomodo

296 2363 518 2403 possumus
550 2350 768 2392 uobiscum
802 2350 1038 2394 conuenire,
1072 2350 1291 2391 uobiscum
1321 2363 1469 2404 pacem
1501 2352 1668 2399 habere,
1709 2362 1804 2391 cum
1823 2364 1861 2390 30

296 2419 565 2472 negatoribus
597 2419 708 2459 unici
743 2418 808 2459 dei
840 2418 944 2459 filii?
991 2419 1198 2471 quomodo
1230 2420 1503 2472 potueramus
1531 2419 1658 2460 istam
1687 2420 1803 2460 tuam

294 2488 467 2540 implere
500 2487 789 2528 uoluntatem?
842 2499 937 2527 cum
972 2487 1093 2527 deum
1132 2487 1280 2528 uideas
1322 2487 1473 2529 dixisse
1520 2500 1591 2540 per
1630 2489 1802 2542 Moysen

433 2589 474 2622 18
499 2588 599 2623 Num.
627 2589 680 2630 16,
706 2589 746 2622 21
842 2589 886 2622 25
912 2590 1017 2623 Deut.
1044 2590 1074 2629 7,
1101 2590 1132 2623 2
1159 2591 1179 2623 3

365 2680 382 2712 7
411 2679 529 2713 exibat
556 2692 572 2714 o
682 2682 702 2714 9
728 2681 844 2725 inquis
869 2681 957 2723 fort.
1072 2681 1111 2713 15
1136 2681 1299 2724 paenitus
1411 2681 1451 2714 17
1477 2681 1596 2724 legisti
1621 2692 1652 2721 v,
1680 2681 1804 2714 dixisti

300 2738 333 2771 V
450 2736 489 2770 18
515 2747 597 2770 aron
623 2750 665 2772 m.
693 2741 711 2772 1
844 2737 1099 2782 indisciplinati
1126 2740 1161 2771 et
1185 2749 1205 2771 v
1348 2738 1398 2771 19Ἰ
1415 2738 1629 2771 contumacis
1662 2739 1711 2772 Vv

294 2794 336 2827 21
364 2804 440 2827 core
559 2793 681 2829 abiran
799 2794 842 2828 26
869 2795 917 2828 eis
943 2795 1090 2838 scripsi,
1118 2795 1190 2828 eius
1222 2796 1260 2835 V,
1288 2805 1402 2828 eorum
1430 2806 1447 2828 υ
1564 2794 1718 2828 nubtum⁴

294 2851 336 2884 27
365 2850 506 2885 seducet
