1934 3278
574 263 628 297 De
654 265 775 296 sancto
799 261 996 297 Athanasio
1023 262 1112 297 liber
1136 263 1162 296 I.
1566 267 1613 307 71

112 392 321 447 pauperis
350 403 478 443 neque
508 389 689 430 miratus
709 388 843 440 fueris
864 389 920 431 ad
932 402 1164 441 personam
1182 390 1386 442 potentis,·
1415 391 1462 431 in
1497 392 1620 433 iusti-

119 462 183 503 tia
211 459 421 503 iudicabis
434 458 685 511 proximum
708 460 842 498 tuum.
876 471 962 499 non
985 457 1220 500 ambulabis
1240 458 1289 499 in
1313 459 1408 501 dolo
1433 460 1482 500 in
1501 463 1619 513 yente

119 534 205 572 tua.
236 543 323 571 non
338 527 565 570 consenties
579 527 629 567 in
644 526 895 579 sanquinem
903 527 1099 579 prooeimi
1117 527 1193 570 tui.
1215 539 1284 580 eqo
1304 540 1399 568 sum
1421 528 1620 570 dominus

119 599 220 641 deus
250 601 394 640 uester.
454 608 541 637 non
586 595 699 637 odies
733 595 915 648 fratrem
953 598 1073 636 tuum
1102 608 1227 637 sensu
1260 599 1339 646 tuo,
1388 598 1621 649 corripiens

87 673 103 698 ⁵
121 666 320 720 corripies
345 665 592 719 proximum
622 667 743 705 tuum
773 667 810 705 et
839 663 988 718 diliyes
1012 665 1261 716 proximum
1300 668 1419 706 tuum
1448 666 1554 707 sicut
1585 670 1621 707 te

120 736 279 788 ipsum.
309 748 379 788 eyo
409 733 608 776 dominus
632 732 732 774 deus
762 735 910 774 uester.
944 732 1071 785 leyem
1099 746 1237 774 meam
1267 734 1474 775 custodite.
1516 735 1618 776 haec

122 816 218 845 cum
251 802 406 856 scripta
435 800 689 849 memineris,
733 800 947 843 existimas
988 802 1276 854 acceptatores
1314 814 1516 855 personae
1548 815 1621 844 nos

120 873 219 914 tuae
251 872 442 913 futuros?
503 870 556 911 ad
594 869 828 911 innocentis
866 869 1025 922 rogasti
1068 882 1212 911 necem
1246 871 1287 911 et
1318 883 1413 911 cum
1443 871 1486 911 te
1518 883 1619 912 con-

121 940 327 993 temptum
360 938 631 986 aduertisseS‚
671 937 888 979 tetendisti
925 938 1058 979 temet
1097 938 1148 979 ad
1185 951 1340 991 genera
1381 939 1518 980 omnia
1554 939 1620 980 in-

72 1021 105 1045 10
121 1008 308 1062 gerenda
338 1019 578 1060 poenarum.
614 1006 720 1047 dicit
753 1006 877 1048 deus:
925 1021 952 1048 a
981 1007 1092 1059 facie
1122 1007 1274 1048 diuitis
1304 1021 1356 1049 ne
1387 1009 1547 1054 timeas.
1587 1011 1623 1049 et

120 1076 349 1118 honorabis
377 1076 528 1128 faciem
556 1076 787 1130 presbyteri
825 1079 861 1117 et
899 1075 1060 1117 timebis
1090 1076 1308 1118 dominum
1338 1077 1461 1119 deum
1490 1080 1622 1118 tuum.

120 1158 191 1199 eyo
221 1158 315 1186 sum
345 1144 540 1186 dominus
570 1145 672 1186 deus
702 1147 812 1185 tuus.
846 1144 888 1185 et
915 1144 962 1185 tu
994 1143 1133 1185 timeri
1155 1144 1197 1185 te
1223 1145 1408 1199 potuisse
1442 1158 1486 1187 es
1509 1145 1620 1187 arbi-

120 1214 257 1255 tratus
289 1214 331 1256 et
353 1214 594 1255 exhonorari
617 1213 907 1261 Athanasium,
941 1226 1064 1267 quem
1089 1213 1191 1255 deus
1211 1214 1471 1268 praeceperit
1491 1215 1622 1255 hono-

120 1282 330 1324 randum?
361 1295 440 1324 non
470 1281 638 1335 legeras
680 1281 834 1323 dixisse
868 1281 1015 1323 deum:
1060 1295 1146 1323 non
1184 1283 1351 1335 facietis
1388 1283 1546 1323 iniuste
1576 1282 1625 1322 in

71 1362 103 1387 15
121 1352 290 1406 iudicio,
322 1352 370 1392 in
408 1363 607 1392 mensura
637 1353 675 1391 et
703 1351 751 1391 in
774 1363 907 1403 penso
936 1353 975 1392 et
1004 1351 1053 1392 in
1082 1352 1275 1403 stateris,·
1318 1353 1479 1393 statera
1508 1351 1623 1391 iusta

114 1420 382 1472 pensabitis?
415 1420 457 1461 et
485 1431 683 1460 mensura
711 1418 823 1460 iusta
855 1419 931 1469 est,
963 1419 1011 1460 ut
1042 1419 1263 1461 statuisses
1286 1419 1414 1461 fuisse
1446 1432 1520 1473 per
1550 1432 1624 1461 nos

122 1488 355 1529 necandum
389 1487 636 1529 absentem?
668 1487 702 1528 si
732 1487 890 1528 iustum
923 1487 987 1528 est
1016 1487 1218 1529 iudicium
1254 1489 1385 1543 <non>
1423 1488 1555 1529 audiri
1580 1501 1624 1529 se

121 1556 463 1609 proclamantem,
483 1555 698 1597 absentem
714 1555 974 1608 puniri,tuae
994 1557 1112 1597 erunt
1127 1556 1264 1597 iustae
1289 1557 1415 1598 etiam
1428 1556 1623 1609 allegati-

122 1637 221 1666 ones
245 1624 354 1678 apud
378 1624 502 1665 deum
534 1624 680 1665 contra
700 1636 788 1673 1108,
822 1624 891 1677 qui
913 1625 1012 1665 tuae
1033 1624 1285 1666 temeritatis
1306 1624 1532 1677 praecepta
1552 1636 1621 1664 re-

71 1703 104 1729 30
123 1693 367 1746 spuerimus.
408 1693 449 1733 in
470 1692 792 1734 Deuteronomio
814 1693 1017 1745 reperitur
1037 1692 1243 1746 gloriosus
1273 1693 1440 1747 Moyses
1472 1692 1625 1734 dixisse

124 1761 177 1802 ad
207 1761 368 1802 iudices
408 1773 511 1813 quos
549 1760 700 1813 populo
733 1760 929 1802 dederat:
964 1761 1108 1803 audite
1138 1762 1251 1802 inter
1280 1761 1438 1813 fratres
1468 1763 1628 1802 uestros

123 1832 161 1870 et
190 1830 376 1871 iudicate
406 1830 513 1871 iuste
543 1831 655 1871 inter
684 1829 868 1871 medium
905 1830 996 1871 uiri
1033 1833 1069 1870 et
1108 1830 1219 1872 inter
1257 1829 1443 1871 medium
1473 1829 1625 1882 fratris

124 1900 162 1939 et
191 1898 239 1939 in
259 1898 396 1940 medio
410 1898 618 1952 proselyti
648 1898 749 1940 eius.
782 1911 867 1940 non
897 1899 1113 1952 accipietis
1131 1911 1355 1951 personam
1375 1898 1424 1939 in
1452 1897 1624 1952 iudicio,

125 1967 330 2008 aduersus
349 1967 555 2009 minorem
575 1970 653 2008 aut
671 1967 878 2008 aduersus
898 1967 1101 2009 maiorem
1120 1967 1339 2014 iudicabis,
1373 1979 1458 2008 non
1486 1979 1629 2008 sumas

75 2042 107 2069 25
119 2046 351 2087 personam
381 2034 580 2088 hominis,
615 2036 821 2088 quoniam
849 2035 1058 2078 iudicium
1088 2038 1147 2077 est
1175 2036 1256 2079 dei.
1315 2035 1357 2076 et
1397 2035 1474 2085 uis,
1516 2034 1627 2076 Con-

125 2102 265 2151 stanti,
298 2102 423 2144 eredo
446 2103 544 2156 quia
565 2103 622 2145 sis
642 2103 683 2144 in
707 2103 964 2145 sublimitate
988 2103 1145 2157 degens
1175 2103 1323 2157 regali,
1358 2103 1489 2156 accipi
1511 2103 1624 2144 tuam

126 2182 367 2223 personam;
415 2184 459 2212 es
490 2183 741 2225 magnopere
781 2172 953 2225 cupiens
984 2184 1092 2221 eum,
1132 2172 1251 2213 cuius
1290 2171 1347 2213 sis
1386 2171 1627 2225 sanguinem

127 2238 285 2287 sitiens,
316 2239 492 2281 mactari
524 2251 596 2293 per
628 2252 702 2281 nos
734 2240 888 2282 domini
921 2240 1176 2282 sacerdotes.
1209 2240 1303 2281 hinc
1338 2240 1448 2293 apud
1478 2240 1521 2280 te
1542 2239 1626 2280 ita-

127 2320 207 2360 que
229 2321 303 2350 nos
325 2308 613 2357 detestabiles,
647 2309 841 2362 quoniam
874 2309 1073 2351 iudicium
1106 2309 1159 2350 ad
1192 2308 1259 2350 dei
1292 2321 1436 2350 sumus
1476 2307 1626 2349 uolun-

76 2377 259 2418 ³⁰tatem
290 2378 540 2430 promentes,
573 2377 666 2419 hinc
702 2378 754 2418 ad
786 2377 975 2431 gladium
1007 2377 1163 2431 putasti
1203 2377 1456 2419 tendendam
1488 2377 1625 2418 carni-

267 2525 310 2559 10
334 2525 446 2561 Leuit.
469 2526 520 2563 19.
544 2526 594 2560 15.
613 2525 657 2559 32
754 2526 794 2559 14
820 2525 866 2560 ib.
888 2526 940 2562 19.
967 2525 1020 2559 35.
1038 2525 1081 2559 36
1175 2525 1214 2558 21
1237 2525 1340 2558 Deut.
1362 2526 1390 2567 1,
1418 2525 1469 2559 16.
1499 2524 1537 2558 17

199 2650 217 2682 7
244 2629 442 2695 accefstores
591 2651 612 2684 8
644 2632 846 2684 contessstum
878 2655 927 2691 (Μ’
961 2662 1002 2684 m.
1038 2651 1121 2692 rec.)
1282 2652 1318 2684 11
1358 2649 1541 2694 presbiteri

131 2705 171 2739 14
198 2705 233 2739 in
258 2717 284 2741 8.
312 2707 332 2742 l.
360 2719 403 2742 m.
431 2711 449 2741 1
592 2708 633 2741 16
660 2709 714 2741 est
739 2698 766 2741 ς’,
793 2708 812 2742 1.
842 2719 882 2741 m.
911 2710 935 2740 2
1074 2706 1115 2739 17
1151 2716 1216 2740 non
1244 2706 1330 2741 add.
1360 2707 1540 2740 Latinius

131 2762 173 2796 18
198 2763 311 2798 iustae
336 2764 442 2798 etiam
460 2765 607 2808 scripsi,
633 2764 788 2798 iustitiae
811 2765 869 2803 Vr,
894 2763 1006 2797 iustae
1024 2764 1116 2797 coni.
1142 2763 1258 2797 'I'ilius
1352 2762 1395 2796 20
1413 2763 1580 2807 reperitur
1601 2774 1629 2802 v,

130 2819 257 2863 repetit
287 2821 320 2854 V
445 2821 488 2855 24
513 2821 652 2856 iudicat
686 2822 722 2865 V,
748 2820 947 2855 iudicabitis
974 2832 992 2854 v
1118 2820 1161 2854 28
1187 2821 1304 2864 itaque
1330 2820 1419 2865 apud
1445 2823 1480 2854 tc
1508 2824 1629 2854 trans—

125 2876 328 2921 positionis
353 2878 472 2923 siqnis
498 2878 643 2913 additis
