1934 3278
550 657 1161 731 PRAEFATIO.

328 977 400 1022 De
435 976 788 1022 Commodiano
821 976 1030 1034 eiusque
1063 976 1386 1022 carminibus.

161 1057 492 1122 Commodianus
524 1080 595 1122 ubi
628 1081 750 1122 natus
783 1081 838 1122 sit
875 1081 942 1122 uel
983 1081 1117 1123 uitam
1143 1081 1304 1136 degerit
1335 1082 1376 1122 et
1408 1093 1488 1134 qua
1519 1092 1615 1122 usus

100 1150 160 1193 sit
182 1151 360 1202 fortuna,
384 1162 530 1206 parum
553 1151 729 1193 constat.
778 1151 839 1193 De
861 1152 997 1194 aetate
1020 1152 1106 1193 eius
1129 1151 1259 1193 maior
1281 1153 1344 1193 est
1366 1162 1612 1205 consensus3

102 1231 199 1261 nam
231 1220 330 1273 quin
362 1219 500 1262 media
541 1219 625 1261 fere
664 1220 782 1274 parte
823 1219 939 1262 tertii
971 1221 1063 1273 post
1094 1218 1308 1261 Christum
1340 1218 1491 1261 saeculi
1523 1230 1614 1260 car-

101 1287 218 1330 mina
249 1301 325 1330 sua
356 1291 630 1342 conposuerit‚
663 1301 743 1331 non
776 1289 859 1331 iam
893 1288 1068 1331 dubium
1099 1289 1266 1331 uidetur
1297 1300 1384 1330 esse
1407 1286 1450 1343 ¹).
1503 1288 1614 1340 Quae

101 1360 242 1399 autem
274 1358 458 1411 scripsit,
506 1370 552 1399 ea
585 1357 834 1399 Christianis
865 1357 1034 1399 illorum
1067 1360 1325 1411 temporum,
1373 1358 1408 1399 si
1439 1357 1538 1398 licet
1570 1369 1615 1398 ex

99 1426 270 1468 silentio
316 1426 449 1468 facere
497 1426 797 1477 coniecturam,
846 1426 953 1468 haud
997 1426 1181 1469 multum
1213 1425 1400 1468 arrisisse
1432 1428 1614 1479 apparet.

102 1495 245 1548 Neque
277 1495 317 1537 id
350 1496 523 1549 mirum3
555 1496 655 1537 tunc
686 1495 797 1537 enim
830 1494 896 1536 illi
927 1495 1013 1537 iam
1043 1498 1260 1538 assuerant
1290 1496 1456 1549 praeter
1477 1507 1616 1536 rerum

102 1565 323 1606 ueritatem
355 1564 558 1606 sermonis
580 1576 740 1618 quoque
762 1564 1021 1618 elegantiam
1044 1566 1246 1619 spectare,
1278 1576 1404 1618 quam
1426 1564 1469 1605 in
1491 1563 1615 1606 Com-

102 1633 296 1674 modiano
337 1645 417 1675 non
459 1633 650 1687 poterant
693 1644 774 1674 non
816 1633 1062 1675 desiderare.
1124 1633 1385 1684 Accedebat,
1433 1634 1540 1686 quod
1570 1633 1615 1674 in

101 1700 221 1744 libris
243 1701 330 1744 eius
353 1701 555 1755 quaedam
578 1701 857 1753 inueniebant‚
889 1714 994 1755 quae
1018 1714 1042 1744 a
1062 1703 1209 1756 regula
1228 1701 1326 1744 fidei
1349 1700 1610 1744 Christianae

102 1770 383 1812 abhorrerent.
447 1769 599 1822 Quinto
633 1771 802 1813 demum
842 1771 1007 1813 saeculo
1038 1783 1165 1825 eoque
1197 1771 1369 1813 exeunte
1400 1770 1466 1812 bis
1498 1783 1615 1812 men-

101 1839 259 1881 tionem
299 1840 414 1882 illius
456 1840 543 1881 fieri
582 1839 842 1893 conperimus
883 1852 907 1882 a
938 1839 1105 1882 Gelasio
1138 1852 1242 1894 papa
1272 1842 1313 1882 et
1344 1852 1368 1881 a
1400 1839 1617 1883 Gennadio

101 1908 314 1962 scriptore.
354 1909 433 1950 Illo
464 1913 631 1951 auctore
663 1909 707 1950 in
744 1909 907 1952 ‘notitia
928 1910 1133 1951 librorum
1155 1922 1236 1951 non
1259 1907 1616 1963 recipiendorum',

102 1977 152 2019 de
182 1978 331 2031 quibus
355 1978 489 2032 capite
512 1978 549 2020 V
572 1978 790 2020 relationis
813 1978 861 2020 de
885 1978 1071 2021 conciliis
1094 1991 1119 2020 a
1139 1977 1305 2021 Gelasio
1327 1989 1433 2032 papa
1458 1977 1615 2020 habitis

102 2046 264 2101 agitur,
311 2046 596 2089 Commodiani
643 2047 843 2101 opuscula
889 2047 1196 2102 apocrypha
1239 2047 1443 2089 uocantur
1491 2047 1615 2099 atque

103 2114 390 2168 inprobantur.
439 2114 522 2167 (Cf.
562 2115 720 2169 Migne‚
761 2116 910 2168 patrol.
942 2129 1021 2158 ser.
1056 2116 1131 2158 lat.
1166 2119 1266 2158 tom.
1298 2115 1397 2157 LIX
1426 2128 1466 2168 p.
1501 2113 1616 2169 163.)

161 2182 399 2225 Gennadius
433 2186 572 2226 autem
607 2185 739 2238 capite
762 2184 839 2225 XV
862 2184 1041 2239 catalogi
1073 2184 1258 2227 uirorum
1291 2183 1535 2226 inlustrium
1568 2182 1617 2224 de

104 2251 401 2294 Commodiano
435 2252 535 2294 haec
565 2252 687 2294 dicit:
733 2251 1074 2296 ‘Commodianus
1107 2254 1207 2296 dum
1246 2253 1357 2295 inter
1387 2251 1616 2295 saeculares

103 2320 266 2363 litteras
298 2321 425 2363 etiam
458 2322 621 2364 nostras
652 2322 779 2376 legit,
822 2323 1077 2364 occasionem
1111 2322 1273 2377 accepit
1303 2322 1410 2364 fidei.
1464 2322 1616 2363 Factus

106 2389 245 2443 itaque
268 2389 528 2432 Christianus
553 2391 593 2432 et
616 2391 756 2432 uolens
779 2391 937 2444 aliquid
970 2391 1202 2433 studiorum
1234 2404 1401 2433 suorum
1435 2391 1616 2431 muneris

165 2525 188 2570 ¹)
212 2526 266 2560 Cf.
291 2525 435 2560 Henrici
460 2525 620 2561 Dodwell
653 2527 862 2562 dissertatio
895 2527 1122 2562 miscellanea.
1148 2527 1185 2562 II
1219 2527 1254 2561 in
1282 2526 1473 2571 appendice
1499 2526 1616 2560 annal.

105 2581 279 2616 Velleian.
305 2583 358 2617 ed.
391 2583 497 2618 Oxon.
530 2594 611 2618 ann.
639 2584 746 2626 169&
790 2584 960 2619 Guilelmi
988 2582 1079 2620 Cave
1110 2585 1237 2618 histor.
1272 2584 1382 2618 litter.
1414 2594 1494 2617 ann.
1528 2582 1615 2616 1705

106 2649 138 2681 p.
164 2641 208 2673 88
234 2650 330 2684 sqq.;
367 2640 488 2675 Pitrae
513 2641 708 2685 prolegom.
734 2642 769 2675 in
795 2642 956 2687 spicileg.
984 2642 1130 2677 Solesm.
1157 2642 1227 2676 uol.
1254 2641 1271 2675 I
1298 2652 1330 2686 p.
1355 2640 1460 2679 XXI;
1496 2639 1614 2674 Adolfi

107 2695 216 2731 Ebert
229 2699 455 2733 commentat.
473 2698 514 2732 de
528 2699 774 2733 Commodiani
791 2710 897 2733 carm.
913 2700 1051 2744 apolog.
1072 2699 1371 2743 (Abliandluugen
1387 2698 1448 2733 der
1468 2697 1616 2744 philol.-

108 2752 193 2788 hist.
220 2754 338 2789 Classe
370 2755 432 2790 der
458 2757 592 2791 saeclis.
618 2757 812 2791 Gesellsch.
839 2757 872 2791 d.
901 2755 1116 2791 Wissensch.
1143 2756 1188 2798 V)
1215 2767 1249 2800 p.
1273 2756 1360 2798 4083
1390 2755 1563 2791 Zeitschr.
1589 2754 1616 2788 s.

108 2810 309 2846 wissensch.
342 2812 463 2847 Theol.
490 2813 596 2848 XXII
631 2825 664 2858 p.
690 2814 757 2848 384
783 2825 858 2858 sqq.
892 2814 980 2854 38&
1025 2814 1122 2849 Guil.
1155 2813 1274 2859 Meyer
1311 2814 1346 2848 in
1385 2815 1615 2849 commentat.

109 2868 214 2903 Acad.
242 2879 314 2913 reg.
339 2870 474 2905 Monac.
499 2870 605 2906 XVII
631 2882 662 2916 p.
691 2872 757 2906 288
783 2882 831 2915 sq.

180 2936 255 2970 XV.
1460 2951 1479 2973 a
