1934 3278
1462 286 1615 317 XXXIII

110 396 220 451 quod
259 396 395 440 Coleti
432 395 692 446 inuexerunt‚
736 393 926 437 diuersos
969 396 1204 451 scripturae
1243 396 1360 440 locos
1398 399 1616 441 conectere

110 465 228 508 solet.
251 491 306 497 —
331 465 396 516 17,
429 464 484 507 29
521 463 721 516 suscipite
753 463 1070 517 compestilentes
1100 479 1150 507 ac
1180 465 1267 507 lues
1296 468 1352 507 ut
1380 479 1475 508 nos
1507 469 1617 521 (tuos

110 534 180 587 V),
219 533 291 576 ubi
322 546 417 576 suos
446 533 471 575 i.
506 545 541 574 e.
574 531 685 574 Arrii
718 531 854 575 Coleti
895 533 1171 586 scripserunt3
1218 534 1293 576 sed
1331 533 1397 576 hic
1429 534 1616 589 uulgaris

112 615 212 644 usus
246 602 355 656 apud
386 601 628 644 Luciferum
662 601 750 643 sine
784 601 971 655 exemplo
1012 601 1087 644 est.
1134 605 1183 644 ut
1210 616 1287 645 nos
1317 615 1416 645 uero
1446 602 1473 644 i.
1506 616 1541 645 e.
1573 605 1618 645 ut

112 684 184 713 nos
217 683 360 713 sumus
394 670 464 725 (cf.
496 670 581 712 ind.
615 683 654 724 p.
687 670 790 723 377)
824 670 1099 712 acerbitatem
1138 670 1360 712 uerborum
1393 671 1531 725 auget.
1564 697 1618 702 -—

111 740 179 790 36,
215 741 263 782 11
299 741 335 782 si
367 743 426 782 est
455 740 652 782 dominus
681 739 906 793 nobiscum,
938 742 998 780 ut
1025 739 1130 793 quid
1162 740 1344 794 (etquid
1375 739 1429 793 V)
1463 740 1620 793 adpre-

73 819 80 826 ·
111 809 346 851 henderunt
376 821 451 850 nos
480 807 626 850 omnia
649 807 768 849 mala
797 807 926 850 haec?
959 809 1015 862 (εἰ
1044 809 1138 850 ἔστι
1167 811 1321 863 κύριος
1350 806 1446 863 μεθ’
1481 809 1617 864 ἡμῶν,

112 879 175 927 εἰς
204 879 248 919 τί
275 869 405 931 εὗρεν
434 877 546 931 ἡμᾶς
575 877 629 918 τὰ
659 877 772 917 κακὰ
803 876 981 929 ταῦτα);
1030 875 1081 917 de
1121 879 1169 917 ut
1206 876 1310 930 quid
1342 876 1394 918 cf.
1427 876 1618 931 Cyprian.

113 945 209 996 826,
241 945 308 988 28.
348 944 385 986 A
419 943 512 995 179,
547 944 614 985 25.
647 969 702 974 -
732 943 801 994 54,
834 944 890 985 22
927 944 1186 986 uidebantur
1220 944 1340 986 mala
1377 948 1423 987 ct
1454 946 1619 988 excordi

113 1015 152 1056 ei
190 1027 311 1068 quem
350 1013 441 1056 iam
481 1013 694 1055 obsederat
734 1013 940 1069 diabolus,
980 1012 1105 1054 mala
1134 1026 1185 1055 ea
1214 1027 1321 1067 quae
1352 1027 1380 1055 a
1408 1014 1477 1056 dei
1506 1014 1619 1056 dice-

115 1082 272 1124 bantur
313 1094 434 1124 seruo
475 1083 514 1123 et
552 1081 634 1123 illa
674 1080 785 1123 bona
814 1080 1120 1124 indicabantur
1149 1095 1257 1135 quae
1287 1097 1315 1125 a
1344 1083 1480 1125 seruis
1510 1082 1619 1124 dice-

114 1152 271 1193 bantur
313 1150 486 1202 diaboli,
531 1149 573 1191 in
622 1149 773 1203 quibus
803 1153 842 1192 et
879 1149 1030 1192 melius
1078 1150 1256 1200 abesset,
1304 1163 1437 1205 neque
1483 1150 1619 1205 magis

114 1220 255 1274 placet
275 1219 386 1274 quod
406 1219 449 1260 in
470 1218 578 1261 notis
601 1218 893 1260 commendaui
915 1233 977 1261 ea.
1009 1231 1116 1261 nunc
1140 1223 1187 1260 ut
1207 1220 1376 1262 excordi
1399 1219 1443 1274 (i.
1467 1232 1501 1262 e.
1525 1232 1619 1262 cum

117 1301 260 1331 excors
284 1288 412 1341 esset)
444 1287 690 1341 praeferam,
724 1300 849 1341 quam
877 1300 1025 1330 uocem
1046 1288 1213 1342 saepius
1235 1288 1294 1330 ita
1314 1288 1482 1330 Lucifer
1503 1301 1621 1330 usur-

115 1358 234 1411 pauit
256 1358 325 1413 (cf.
344 1357 413 1408 52,
431 1357 470 1398 2.
489 1356 557 1407 58,
576 1357 615 1399 3.
634 1356 731 1408 200,
749 1357 809 1412 3).
831 1382 887 1387 —-
905 1357 972 1407 62,
996 1357 1022 1399 3
1043 1357 1199 1399 ludunt
1218 1371 1311 1400 cum
1331 1358 1623 1400 delectamento

116 1430 158 1470 et
191 1430 255 1483 (ut
275 1426 332 1480 V)
355 1427 493 1469 uitam
514 1426 718 1481 deyerant
747 1427 796 1469 in
820 1426 939 1468 bonis
970 1428 1278 1481 (συνετέλεσαν
1298 1428 1346 1470 δὲ
1368 1428 1415 1470 ἐν
1437 1429 1625 1482 ἀγαθοῖς

117 1498 195 1538 τὸν
235 1498 336 1551 βίον
377 1497 558 1548 αὐτῶν).
588 1520 645 1527 —
675 1494 772 1544 210,
819 1496 872 1537 19
918 1498 955 1537 et
1003 1498 1067 1550 (ut
1104 1496 1141 1537 V
1172 1509 1226 1537 m.
1260 1497 1286 1538 2
1316 1496 1357 1538 in
1388 1498 1493 1549 ras.)
1539 1509 1622 1538 non

118 1565 368 1619 ἐξανήλωσα
417 1565 529 1618 filios
577 1564 718 1607 Israel
775 1567 867 1619 (καὶ
916 1566 999 1607 οὐκ
1050 1565 1299 1619 ἐξανήλωσα
1348 1568 1452 1616 τοὺς
1500 1566 1627 1615 υἱοὺς

116 1633 330 1688 Ἰσραήλ).
362 1657 418 1664 -
449 1632 517 1683 80,
549 1633 575 1675 6
607 1633 774 1676 tametsi
814 1633 964 1686 fuisset
998 1633 1204 1676 liberatus
1234 1635 1324 1675 iam
1355 1633 1626 1676 Athanasius

120 1717 169 1745 ex
202 1705 258 1758 (et
279 1703 334 1755 V)
368 1715 552 1757 corpore,
591 1715 699 1756 quae
730 1702 981 1756 praepositio
1014 1715 1109 1745 cum
1139 1702 1321 1757 imagine
1354 1703 1395 1744 et
1420 1702 1625 1745 sententia

126 1777 375 1820 Christianis
407 1776 603 1818 familiari
636 1778 687 1818 de
719 1789 887 1818 carcere
919 1777 1103 1831 corporis
1135 1777 1327 1819 concinit.
1371 1777 1496 1819 etiam
1528 1777 1624 1819 264.

122 1852 148 1893 3
183 1851 318 1893 Tilius
349 1854 385 1892 et
415 1851 456 1892 in
489 1865 539 1893 ex
568 1851 684 1894 recte
715 1851 909 1893 mutauit.
943 1876 995 1882 —-
1030 1850 1124 1901 170,
1157 1851 1214 1893 25
1242 1865 1371 1905 neque
1401 1852 1514 1894 enim
1544 1852 1626 1893 ista

124 1923 200 1961 tua
239 1921 412 1961 minora
452 1923 550 1962 sunt
589 1920 759 1972 funera,
802 1923 858 1961 ut
886 1921 925 1961 si
955 1930 998 1962 se
1027 1920 1149 1962 illum
1183 1920 1406 1962 tradidisse
1440 1920 1628 1973 loquitur

122 1989 302 2041 spiritus
331 1991 503 2031 sanctus
532 1991 713 2031 satanae
748 1989 797 2030 in
827 1989 1064 2043 interitum,
1103 1992 1158 2030 ut
1192 1991 1248 2042 (et
1277 1987 1331 2040 V)
1367 1991 1416 2040 te,
1456 2001 1553 2030 mox
1583 1992 1629 2030 ut

124 2060 211 2098 tam
230 2057 388 2112 yrauia
409 2057 659 2099 commisisti
679 2057 877 2105 crimina,
899 2070 985 2098 non
1008 2057 1245 2099 tradiderit.
1286 2057 1364 2098 hac
1386 2056 1625 2098 coniectura

124 2126 294 2179 recepta
336 2129 383 2167 ut
421 2125 624 2179 repetitur
666 2138 745 2168 non
789 2125 910 2167 aliter
952 2138 1075 2179 quam
1117 2126 1220 2178 quia
1252 2125 1293 2166 et
1322 2125 1430 2178 quod
1463 2125 1556 2176 127,
1587 2126 1627 2167 3.

128 2195 224 2243 258,
258 2194 324 2236 30.
358 2195 454 2244 286,
487 2195 526 2236 2.
558 2194 655 2245 301,
687 2195 725 2236 2.
768 2195 864 2244 313,
896 2195 922 2236 3
967 2206 1134 2248 prorsus
1182 2207 1229 2235 ex
1274 2206 1388 2236 more
1432 2194 1627 2236 Luciferi.

126 2262 271 2304 contra
316 2266 354 2304 et
398 2262 439 2304 in
485 2263 562 2304 hac
596 2262 885 2305 coniunctione
916 2265 964 2304 ut
984 2288 1038 2293 -
1059 2266 1096 2304 et
1126 2266 1163 2304 te
1183 2288 1237 2293 —
1260 2276 1344 2304 non
1389 2262 1501 2304 nullo
1548 2262 1628 2303 alio

129 2331 316 2384 exemplo
348 2331 551 2373 firmatur.
583 2357 638 2362 —
674 2332 765 2380 173,
799 2331 850 2372 21
883 2332 922 2373 si
951 2331 1068 2381 dicit,
1100 2332 1204 2384 quia
1233 2332 1307 2384 qui
1336 2331 1421 2372 odit
1448 2332 1626 2384 fratrem

127 2412 249 2441 saum
281 2401 330 2440 in
357 2399 537 2441 tenebris
567 2398 771 2447 ambulat,
803 2401 860 2440 ut
891 2398 1024 2454 (etv)
1058 2400 1244 2441 nesciens
1273 2399 1327 2441 sit
1358 2413 1438 2452 quo
1462 2401 1627 2451 permit,

130 2480 209 2510 non
249 2471 295 2509 ut
334 2467 493 2522 scripsi,
541 2468 661 2522 quasi
702 2467 742 2509 in
786 2467 963 2509 diuersis
1011 2467 1199 2509 eiusdem
1246 2466 1446 2508 enuntiati
1493 2466 1629 2507 modis

131 2537 251 2589 (quia
281 2561 335 2566 —
367 2536 554 2578 ambalat
585 2540 622 2578 ct
651 2537 840 2578 nesciens
877 2537 950 2587 sit)
995 2535 1258 2584 offenderem,
1306 2535 1377 2576 sed
1423 2534 1629 2588 euangelii

129 2605 324 2646 Iohannis
374 2606 504 2647 uerba
552 2606 593 2647 in
645 2605 834 2646 ambulat
887 2604 1092 2653 desinunt,
1145 2616 1252 2657 quae
1300 2604 1530 2657 sequuntur
1577 2601 1630 2643 ad

129 2672 309 2715 Luciferi
346 2673 732 2728 interpretationem
775 2671 993 2726 pertinent.
1027 2697 1082 2702 —
1122 2672 1218 2714 229.
1261 2672 1312 2713 31
1358 2671 1632 2713 tacendumne

130 2741 410 2783 sacerdotibus
449 2742 517 2784 dei
558 2742 637 2783 erit
668 2745 714 2783 ct
743 2741 952 2783 mandata
992 2741 1125 2783 celare
1165 2740 1318 2781 diuina
1359 2740 1448 2781 eius
1481 2738 1558 2793 (sic
1591 2751 1628 2781 v,

131 2811 167 2851 ei
198 2809 252 2861 V)
286 2824 344 2851 an
375 2811 551 2864 diynum
582 2814 641 2852 est
680 2812 851 2865 aperire
891 2809 967 2851 tibi
997 2812 1149 2852 cuncta
1173 2811 1403 2862 praecepta
1433 2807 1632 2848 damini?

132 2890 225 2918 cum
258 2878 427 2920 insolita
456 2880 678 2921 uerborum
710 2880 885 2934 diynum
917 2882 975 2921 est
1006 2878 1209 2932 positione
1233 2876 1485 2919 constructio
1508 2874 1627 2916 nimis

199 2955 307 2991 XIIII.
1475 2964 1493 2988 c
