1934 3278
524 230 578 266 De
603 241 672 266 non
698 230 937 266 conueniendo
964 241 1041 266 cum
1065 231 1260 267 haereticis.
1594 234 1648 278 19

141 356 391 412 praecipitet
422 355 475 397 ad
507 356 776 409 gehennam?
806 355 1151 399 circumscribere
1182 369 1256 399 nos
1284 358 1328 399 te
1358 358 1544 411 potuisse
1577 373 1648 402 ar-

139 426 321 469 bitratus
354 437 398 467 es
430 424 678 475 subtilitate,
712 437 795 478 qua
825 437 996 478 serpens
1028 425 1404 480 circumscripserit
1435 427 1572 470 Adam
1604 429 1648 471 et

140 495 298 542 Euam,
348 493 509 536 eximiis
550 493 691 535 uerbis
729 493 1106 549 pulcherrimisque
1147 495 1339 537 sensibus
1379 497 1647 540 conscribens

142 563 342 612 edictum,
374 563 415 604 in
449 574 529 616 quo
563 562 701 604 omnia
731 573 894 604 uenena
918 563 1016 605 tuae
1039 563 1225 606 haeresis
1249 564 1524 608 continentur.
1573 565 1649 608 sed

106 643 122 669 ⁵
141 631 250 674 unde
281 630 396 673 istud
426 632 623 685 potueras
656 630 851 673 efficere?
882 643 977 673 cum
1009 643 1082 674 nos
1104 633 1251 675 contra
1270 632 1346 674 tua
1368 633 1492 687 atque
1516 633 1648 688 patris

139 701 203 742 tui
232 712 396 742 uenena
429 698 658 741 armauerit
688 699 840 741 beatus
871 699 1045 742 Paullus
1079 700 1242 743 dicens:
1275 701 1349 744 hoc
1369 703 1510 756 itaque
1540 703 1646 759 dico,

144 772 187 811 ut
227 782 346 811 nemo
385 781 460 811 uos
498 768 685 822 decipiat
723 769 774 810 in
812 768 1070 812 sublimitate
1111 769 1345 825 uerborum,
1393 770 1437 812 et
1470 770 1648 814 iterum:

140 838 277 880 uidete
314 851 367 879 ne
405 837 501 891 quis
539 849 614 878 uos
644 837 830 891 decipiat
852 850 937 890 per
962 837 1280 891 philosophiam
1310 842 1347 881 et
1378 839 1553 883 inanem
1584 853 1648 883 se-

141 906 381 948 ductionem
401 906 627 948 secundum
650 906 926 949 traditionem
947 906 1179 961 hominum,
1200 908 1428 951 secundum
1449 908 1649 951 elementa

90 992 122 1017 ιο
141 975 294 1017 mnndi
333 977 372 1017 et
410 988 498 1017 non
536 975 763 1017 secundum
811 974 1041 1028 Christum,
1082 977 1186 1030 quia
1223 977 1272 1018 in
1312 978 1406 1031 ipso
1437 977 1649 1020 inhabitat

141 1044 278 1086 omnis
294 1043 520 1096 plenitudo
542 1044 792 1086 diuinitatis
813 1045 1105 1097 corporaliter.
1147 1044 1355 1099 quomodo
1376 1045 1649 1099 potueramus

140 1113 224 1155 illis
257 1111 445 1154 Arrianis
474 1112 561 1154 tuis
593 1111 812 1166 sacrilegis
844 1112 1049 1163 sensibus,
1078 1113 1222 1155 uerbis
1255 1113 1504 1157 sublimibus
1532 1115 1648 1166 licet,

141 1182 300 1231 seduci,
342 1194 438 1223 cum
469 1181 635 1223 inanem
672 1182 716 1223 te
755 1181 1063 1235 philosophiam
1104 1182 1425 1236 cognouerimus
1462 1184 1651 1226 habere?

140 1251 251 1293 unde
284 1252 411 1294 etiam
447 1251 591 1294 dulces
612 1251 674 1293 tui
697 1251 868 1305 possent
890 1263 982 1293 esse
1009 1263 1236 1301 semones,
1270 1264 1393 1305 quem
1418 1251 1651 1295 uiderimus

89 1339 121 1365 ιε
139 1322 352 1363 tenentem
382 1319 653 1362 traditionem
685 1320 808 1370 Arrii,
857 1332 936 1362 non
974 1320 1195 1363 beatorum
1237 1319 1551 1374 apostolorum?
1597 1320 1650 1363 ad

141 1403 244 1444 quos
277 1390 427 1431 dixerit
457 1390 536 1432 iste
570 1401 693 1443 quem
717 1401 860 1443 negas,
894 1389 1005 1443 quod
1026 1401 1152 1432 uerus
1175 1390 1230 1432 sit
1247 1389 1319 1431 dei
1344 1389 1477 1433 filius:
1509 1394 1652 1433 euntes

140 1459 351 1512 baptizate
382 1459 589 1501 credentes
619 1460 668 1501 in
699 1460 869 1501 nomine
890 1459 1038 1512 patris
1069 1463 1105 1501 et
1125 1459 1211 1512 filii
1231 1461 1270 1501 et
1288 1460 1470 1511 spiritus
1499 1459 1648 1501 sancti.

141 1527 348 1582 quomodo
379 1527 456 1569 tibi
489 1526 694 1581 discipulo
721 1526 831 1568 Arrii
865 1526 1234 1580 adquiesceremus
1259 1526 1489 1569 Christiani
1522 1527 1647 1570 dese-

139 1597 280 1638 rentes
321 1596 598 1650 apostolicam
635 1596 926 1645 traditionem,
975 1608 1072 1638 cum
1110 1596 1153 1637 te
1191 1595 1455 1638 inueniamus
1507 1596 1648 1639 dicere

88 1666 303 1719 sopatrem
334 1678 416 1707 non
451 1677 542 1707 esse
575 1677 722 1706 uerum
752 1665 928 1718 patrem,
972 1664 1047 1706 sed
1088 1664 1288 1718 appellari
1328 1665 1504 1718 patrem,
1552 1678 1649 1707 cum

143 1734 259 1776 dicas
299 1747 378 1776 non
419 1734 540 1776 illum
579 1747 727 1776 uerum
757 1734 911 1776 habere
953 1733 1101 1784 filium,
1151 1734 1225 1776 sed
1264 1733 1424 1776 factum
1467 1746 1558 1776 esse
1601 1746 1649 1776 ex

139 1803 280 1854 nihilo,
322 1804 514 1846 sanctum
545 1802 807 1856 paracletum
838 1802 1029 1856 spiritum
1061 1814 1158 1844 cum
1190 1802 1305 1845 dicas
1336 1802 1514 1845 totidem
1546 1815 1649 1845 con-

140 1873 252 1914 stare
302 1884 349 1913 ex
387 1872 539 1922 nihilo,
589 1872 760 1914 econtra
805 1871 1026 1914 uideamus
1073 1872 1284 1925 apostolos
1329 1871 1559 1914 credidisse
1606 1872 1647 1913 in

139 1953 268 1983 unum
313 1941 438 1983 deum
477 1942 640 1995 patrem
681 1941 1008 1995 omnipotentem
1039 1953 1187 1983 uerum
1218 1940 1394 1994 patrem,
1428 1941 1650 1994 propterea

88 2023 122 2049 2⁵
142 2022 288 2051 uerum
320 2010 496 2063 patrem,
539 2010 650 2064 quod
681 2022 796 2060 uere,
828 2021 908 2051 non
940 2009 1130 2063 putatiue
1161 2009 1317 2051 habeat
1346 2008 1494 2059 filium,
1537 2010 1578 2051 et
1608 2009 1649 2051 in

140 2079 310 2121 unicum
350 2079 483 2121 filium
525 2079 614 2121 eius
655 2079 795 2121 Iesum
836 2078 1063 2127 Christum,
1103 2079 1181 2120 hoc
1226 2078 1291 2120 est
1328 2078 1369 2119 in
1401 2090 1548 2120 uerum
1581 2077 1649 2119 dei

141 2148 274 2190 filium
308 2150 349 2191 et
377 2149 418 2190 in
452 2150 643 2190 sanctum
674 2148 925 2202 paraclitum
958 2147 1162 2201 spiritum,
1194 2147 1236 2188 in
1263 2159 1410 2188 uerum
1434 2147 1501 2189 dei
1523 2146 1648 2200 spiri-

140 2218 260 2259 tum?
308 2218 514 2272 quomodo
556 2218 649 2271 quis
690 2217 886 2271 potuerat
922 2217 983 2258 ita
1023 2215 1283 2258 credentium
1327 2215 1586 2269 subplantari
1627 2226 1652 2256 a

143 2286 308 2328 diabolo
340 2299 412 2339 per
442 2286 484 2327 te
517 2286 625 2327 Arrii
657 2285 945 2339 blasphemiae
978 2284 1256 2334 fundatorem,
1289 2296 1385 2325 cum
1406 2283 1513 2325 fides
1546 2295 1648 2336 apo-

90 2365 123 2391 ³⁰
143 2355 293 2397 stolica
325 2355 367 2396 et
397 2354 628 2395 trinitatem
661 2354 911 2395 confiteatur
942 2353 1170 2407 perfectam
1195 2354 1236 2395 et
1257 2352 1424 2393 unicam
1447 2351 1650 2393 deitatem

142 2423 323 2465 fateatur
353 2423 483 2477 patris
515 2423 558 2465 et
589 2422 663 2463 filii
699 2423 740 2464 et
772 2422 942 2475 spiritus
975 2421 1121 2471 sancti,
1156 2422 1198 2463 et
1229 2421 1337 2462 Arrii
1369 2421 1446 2462 hoc
1481 2420 1544 2462 est
1574 2420 1652 2460 tua

142 2492 404 2546 blasphemia
444 2505 523 2535 non
564 2492 707 2533 teneat
747 2491 825 2533 nisi
865 2492 908 2532 id
941 2491 1050 2545 quod
1082 2490 1288 2544 placuerit
1318 2500 1416 2531 caro
1446 2489 1520 2530 tuo
1555 2487 1651 2529 dia—

278 2652 299 2685 6
325 2650 398 2687 Col.
423 2651 456 2692 2,
482 2651 502 2684 4
597 2651 618 2685 8
644 2650 691 2685 ib.
717 2652 748 2693 2,
775 2650 805 2684 8.
831 2651 851 2683 9
948 2650 990 2683 16
1015 2648 1143 2683 Matth.
1169 2648 1224 2685 28.
1253 2648 1294 2682 19

211 2788 233 2821 8
263 2791 298 2822 et
330 2787 373 2822 13
403 2787 667 2833 phylosophiam
815 2786 858 2820 23
892 2789 928 2820 et
959 2787 1081 2820 contra
1112 2785 1294 2819 Latinius
1433 2782 1478 2817 25
1505 2782 1595 2829 quod
1619 2794 1652 2825 o,

144 2855 209 2889 quo
242 2845 274 2879 V
361 2844 405 2880 28
436 2847 598 2890 potuerat
624 2845 698 2890 quis
723 2856 743 2879 v

1470 2909 1515 2943 2*
