1934 3278
260 254 345 296 236

307 377 452 420 quidem
485 377 526 411 de
558 387 640 422 pace
673 378 821 413 subdola
860 380 1013 423 quanta!

260 423 476 513 quisstffi'm‘}
503 468 520 502 1
545 469 599 510 25,
626 469 670 502 22

261 517 478 559 quapropter
518 515 826 559 interroqatiuum
877 516 918 550 A.

306 561 385 595 244.
409 580 455 585 —
479 575 523 590 =
542 565 742 604 propterea
768 564 810 596 A.
835 562 903 596 441

959 516 1014 550 32.

307 791 358 824 sio

1045 477 1047 510 ’1

979 254 1117 290 Index

1125 378 1228 414 modo
1243 380 1306 422 (?):
1340 381 1661 418 circumueniamus
1687 383 1835 424 iustum,

1127 425 1157 458 si
1184 425 1245 469 qui
1271 428 1394 469 grauis
1429 438 1502 461 esse
1530 429 1673 463 uidetur
1699 429 1739 463 A.
1767 430 1835 464 483

1078 472 1162 550 quZa
1195 482 1343 551 :iam
1378 483 1406 507 c.
1440 473 1507 516 inf.
1519 488 1527 515 3
1559 474 1605 517 cf.
1641 477 1836 510 enuntiata

1142 527 1246 552 rausi
1267 542 1275 550 .

1045 566 1047 570 ’
1078 562 1338 607 (11110011101100)
1366 579 1407 593 =
1434 565 1583 608 quilibet
1608 566 1646 601 II
1672 567 1726 608 35,
1755 567 1771 601 1

260 607 364 650 quasi
392 626 434 631 —
453 606 520 640 sic:
547 607 596 641 sic
613 608 715 650 quasi
734 607 877 642 besteus
895 618 1015 642 errans
1046 616 1047 652 ξ

307 652 324 685 1
339 652 394 693 34,
408 652 460 686 Ι7.
480 652 531 686 310
546 652 700 686 feminae
717 663 853 697 quoque
873 657 1012 695 coeunt,
1046 687 1047 694 ,

308 699 411 741 quasi
424 698 558 732 initent
572 698 698 732 balneo
713 699 752 733 II
766 700 820 742 35,
843 700 895 734 11.
914 700 1016 744 quasi
1046 699 1047 740 ζ

306 746 448 778 centum
481 745 638 778 inessent
671 744 707 778 in
733 746 864 779 umeris
890 747 1016 790 capita,

389 818 397 826 .
424 815 432 823 .
465 789 603 824 ferebar
641 791 681 823 A.
721 791 741 824 5
776 801 827 835 sq.
877 794 918 825 ut
956 793 1016 835 qni
1046 810 1047 813 =

306 836 420 870 credit
445 837 489 877 ei,
517 838 567 870 310
591 836 650 877 sit,
685 838 786 880 quasi
814 839 931 871 sumat
957 838 1016 871 ab·
1046 852 1048 879 f

307 882 388 916 inde
421 882 462 915 A.
489 882 567 916 330.
599 903 645 907 —

693 897 736 912 =
771 882 837 921 ὡςε
877 886 917 917 ut
944 885 1016 917 stet
1045 899 1048 918 ῑ

309 928 413 971 quasi
451 930 575 961 contra
615 926 858 973 (re>pugnans
890 944 933 959 =
967 929 1017 967 ὡς
1046 940 1048 962 l

307 974 616 1017 ἀναμαχούμενος
651 976 694 1008 Α.
728 975 804 1008 982.
838 996 884 1001 —-
915 976 1016 1020 quasi
1046 977 1047 998 ³

307 1031 335 1054 c.
362 1020 494 1055 india:
522 1020 623 1063 quasi
649 1021 742 1055 bella
760 1021 950 1065 quiescunt
976 1021 1016 1056 ΙΙ
1046 1031 1047 1035 ’

305 1067 360 1109 22,
390 1067 423 1108 13
450 1066 495 1108 cf.
522 1071 704 1101 comment.
730 1086 774 1092 —
802 1082 843 1097 ε
862 1069 1015 1112 quippe:

306 1113 409 1156 quasi
438 1114 563 1146 cuncta
589 1112 651 1155 qui
678 1112 780 1147 nouit
799 1114 840 1147 A.
859 1114 943 1156 2593
969 1114 1015 1156 cf.
1045 1142 1046 1146 ,

1045 1168 1046 1173 ’
1078 1167 1146 1200 quo
1175 1172 1217 1187 =
1245 1161 1286 1192 ut
1311 1159 1426 1201 ftuale
1452 1159 1489 1193 11
1516 1161 1546 1202 1,
1571 1160 1627 1194 47.
1654 1161 1695 1194 A.
1721 1161 1766 1195 44

306 1204 440 1238 malum
466 1204 614 1248 (malo‘?)
640 1204 812 1248 depurges
837 1205 876 1239 II
901 1206 955 1248 24,
983 1206 1015 1240 8.
1045 1223 1046 1248 3

306 1252 342 1284 et
360 1251 462 1294 quasi
479 1250 700 1284 subsannant
717 1251 758 1285 A.
773 1251 828 1285 56.
854 1254 897 1285 ut
914 1252 1015 1295 quasi
1045 1256 1046 1284 1

306 1321 315 1329 .
335 1320 342 1328 .
369 1299 516 1340 possent
536 1296 721 1330 ascendere
740 1296 854 1330 caelos
873 1297 916 1331 A.
939 1298 1014 1332 166.
1045 1298 1046 1326 3

306 1161 492 1192 comment.
510 1178 555 1182 ——
573 1173 615 1187 z
632 1159 786 1193 scilicet:
806 1161 847 1192 ut
861 1162 896 1193 te
914 1160 1015 1204 quasi

305 1362 349 1367 —
376 1343 477 1386 quasi
502 1353 581 1376 cum
607 1343 717 1377 uerbo
739 1343 906 1386 putandi
931 1354 1015 1378 cori-

305 1389 490 1452 iunctum:
530 1388 631 1431 quasi
664 1388 769 1423 facile
801 1389 890 1423 reris
904 1389 951 1434 (2³)
977 1389 1015 1423 II

305 1435 440 1514 {5'81332

259 1536 327 1570 que
353 1544 398 1551 --
423 1527 474 1559 et:
509 1525 547 1559 II
573 1527 604 1566 8,
632 1526 652 1560 6
679 1537 727 1570 sq.
763 1527 804 1560 Α.
832 1527 908 1561 740.
936 1527 1013 1563 910.

469 1433 571 1477 quasi
605 1433 708 1468 deum
734 1445 809 1469 esse
835 1436 1014 1478 putabunt
1044 1446 1046 1463 ³

1077 607 1218 651 quidem
1254 624 1294 637 Ξ
1333 608 1531 645 dumtaxat
1568 613 1628 654 (cf.
1669 612 1835 657 Seyffert,

1128 653 1199 688 Cic.
1214 654 1356 695 Lael.§.
1369 658 1444 697 53):
1460 656 1634 700 dignitosi
1651 683 1658 690 .
1673 684 1679 691 .
1697 669 1834 692 rursum

1125 699 1288 733 uiuentes
1303 701 1339 734 in
1353 712 1447 741 aeuo,
1467 703 1567 736 mille
1577 704 1719 747 quidem
1734 706 1834 738 annis

1124 747 1165 778 ut
1192 746 1351 779 seruiant
1375 749 1510 781 sanctis
1528 748 1566 782 II
1585 751 1639 789 39,
1661 750 1703 783 14
1721 761 1771 794 sq.
1790 771 1835 775 —

1124 798 1159 824 et
1184 791 1327 835 quidem
1353 792 1371 826 Ι
1396 793 1427 834 8,
1455 794 1485 827 7.
1512 794 1566 835 41,
1596 796 1648 830 15.
1674 795 1714 830 ΙΙ
1742 797 1771 836 1,
1800 797 1831 830 2.

1123 837 1165 871 A.
1183 838 1261 872 538.
1280 857 1326 862 —-
1343 848 1404 872 nec
1421 839 1565 882 quidem
1580 855 1624 870 =
1638 845 1673 875 et
1689 841 1833 885 quidem

1122 893 1215 916 riori:
1235 883 1273 917 ΙΙ
1293 882 1345 924 10,
1363 884 1395 919 4.
1414 899 1517 915 ——=
1531 889 1563 920 et
1580 897 1625 920 oie
1639 913 1646 920 .
1662 912 1670 919 .
1688 887 1830 931 quidem

1122 928 1163 962 A.
1189 928 1268 964 475.
1294 929 1371 963 513.
1398 930 1465 964 973

1077 975 1219 1017 quietus
1243 989 1288 1005 =
1312 976 1460 1018 patiens
1485 977 1527 1011 A.
1554 977 1623 1012 493

1077 1020 1157 1062 quis
1183 1035 1226 1050 =
1252 1025 1335 1055 uter
1359 1020 1377 1054 I
1402 1022 1454 1065 16,
1480 1023 1511 1057 3.
1540 1024 1583 1057 A.
1609 1023 1676 1057 699

1077 1066 1228 1109 quisque
1252 1081 1298 1096 Ξ
1322 1067 1538 1112 quicumque
1563 1070 1581 1104 I
1597 1069 1629 1110 3,
1659 1069 1764 1113 100³).
1792 1071 1835 1105 A.

1123 1111 1199 1147 611.
1229 1112 1304 1147 749.
1334 1112 1401 1146 803

1077 1204 1171 1246 quod
1195 1218 1240 1233 =
1266 1215 1343 1238 cum
1378 1205 1679 1240 aduersatiuum:
1712 1217 1834 1241 omnes

1123 1249 1186 1283 isti
1206 1252 1305 1284 uates
1323 1250 1393 1284 alia
1412 1254 1496 1285 sunt
1514 1254 1628 1286 morte
1646 1253 1833 1296 perempti,

1121 1295 1216 1339 quod
1251 1295 1428 1330 Dominus
1461 1297 1562 1341 ligno
1596 1298 1763 1342 pependit
1790 1299 1833 1332 A.

1121 1342 1187 1376 517
1213 1352 1261 1385 sq.
1289 1362 1335 1368 -—
1360 1342 1453 1386 quod
1470 1358 1514 1373 =
1532 1354 1605 1378 aec.
1623 1355 1652 1378 c.
1672 1344 1759 1387 inf.;
1785 1345 1831 1387 cf.

1122 1390 1317 1422 enuntiata
1350 1389 1495 1423 transit.
1520 1409 1566 1414 —-
1590 1389 1684 1433 quod
1719 1400 1762 1424 ne
1789 1405 1832 1420 =

1120 1433 1244 1477 itaque
1276 1445 1322 1468 ue
1354 1435 1396 1467 A.
1433 1435 1509 1469 183.
1539 1454 1584 1460 -
1609 1434 1703 1479 quod
1731 1436 1761 1469 si
1789 1451 1831 1466 ==

1120 1479 1178 1513 siu
1204 1484 1325 1514 autem
1349 1480 1367 1514 I
1394 1480 1447 1522 25,
1478 1481 1508 1514 7.
1535 1482 1574 1514 A.
1601 1482 1678 1516 581.
1706 1481 1773 1515 720

1044 1561 1045 1570 ¹
1075 1526 1242 1568 quoniam
1260 1540 1304 1555 =
1322 1536 1394 1560 acc.
1415 1537 1443 1561 c.
1461 1526 1553 1570 Μή,
1572 1527 1618 1570 cf.
1637 1528 1831 1562 enuntiata

305 1573 382 1606 996.
415 1591 460 1596 —
485 1582 551 1615 que
575 1586 620 1601 =
644 1571 762 1616 idque,
790 1576 822 1606 et
847 1573 1012 1616 quidem:
1044 1571 1045 1591 ³

304 1618 399 1662 perit
424 1618 498 1662 ipse
525 1616 690 1662 piiorque
716 1620 756 1652 A.
788 1618 862 1652 154.
912 1620 1013 1654 cuius
1044 1640 1045 1643 =

305 1664 347 1698 de
381 1666 521 1707 peccato
547 1664 717 1698 morimur
750 1664 801 1698 310
834 1666 870 1698 et
896 1665 1012 1699 omnis
1044 1673 1045 1695 ;

305 1710 462 1754 itemque
504 1709 684 1754 (idemque
720 1711 813 1754 cod.)
854 1711 896 1744 A.
934 1711 1012 1745 324.
1044 1714 1045 1722 ’

305 1756 456 1799 hymnos
494 1756 697 1799 pariterque
735 1756 930 1791 decantant
970 1758 1012 1791 A.

304 1802 384 1836 978.
420 1821 466 1826 —
504 1811 569 1845 que
599 1816 645 1831 =
670 1801 751 1845 μένε
789 1802 886 1837 uiuit
920 1805 1014 1837 certe

305 1850 416 1890 Deus,
450 1847 512 1891 qui
545 1847 729 1881 defunctos
763 1849 883 1882 uiuere
919 1849 1016 1891 fecit,

304 1893 558 1936 innocuisque
584 1893 686 1927 bonis
713 1895 753 1927 ut
771 1894 897 1928 reddat
915 1905 1015 1938 prae-

305 1941 378 1974 mia
395 1939 516 1984 digna,
543 1939 681 1973 uesanis
707 1942 856 1974 autem
886 1964 915 1973 ..
942 1943 1016 1975 tar-

305 2172 481 2204 remotum
519 2169 560 2202 A.
600 2168 667 2203 734
702 2169 762 2212 (cf.
802 2172 1016 2214 comnena).

304 2215 381 2249 884.
408 2214 487 2248 900.
514 2215 580 2249 977

258 2261 416 2306 querella
441 2275 484 2290 =
511 2262 760 2295 controuersia
786 2261 801 2295 I
835 2262 867 2304 5,
900 2263 938 2305 83
970 2263 1016 2305 cf.

305 2310 488 2343 comment.

258 2355 318 2399 qui
332 2369 377 2384 =
391 2350 427 2385 ὃς
442 2353 539 2386 Mars
557 2353 618 2396 qui
636 2363 714 2387 cum
733 2353 809 2396 ipsa
824 2353 1016 2397 deprensus

1123 1575 1237 1606 trans.

1076 1627 1213 1660 quoque
1240 1632 1282 1647 z
1309 1628 1376 1661 que
1400 1616 1418 1651 I
1445 1618 1496 1658 15,
1523 1618 1554 1652 3.
1590 1618 1628 1653 ΙΙ
1654 1618 1685 1660 9,
1714 1618 1768 1653 12.
1793 1619 1836 1652 A.

1121 1663 1198 1697 975.
1238 1663 1297 1706 (cf.
1334 1664 1436 1708 Vuly.
1467 1664 1597 1699 Genes.
1623 1666 1682 1707 36,
1708 1667 1740 1699 3.
1778 1667 1832 1699 10.

1121 1711 1178 1743 17.
1205 1712 1263 1752 46,
1291 1712 1346 1744 17.
1372 1712 1432 1750 48,
1458 1712 1504 1744 16
1530 1713 1605 1752 etc.)

1075 1764 1257 1799 quousque
1283 1766 1312 1789 c.
1331 1756 1513 1790 coniunct.
1530 1771 1574 1785 =
1593 1756 1721 1791 donec:
1749 1767 1834 1800 quo—

1123 1811 1232 1844 usque
1258 1802 1398 1835 ueniret
1424 1801 1608 1844 Dominus,
1643 1802 1834 1846 prophetae

1121 1847 1298 1881 canebant
1324 1849 1363 1881 A.
1391 1847 1457 1881 241

1044 1961 1045 1967 ,
1075 1928 1203 1973 Radix
1252 1953 1295 1968 =
1344 1938 1631 1981 fundamentum
1679 1940 1833 1983 (urbis):

304 1988 383 2019 tara
409 1996 515 2019 saeua
541 1984 557 2018 I
584 1985 637 2026 26,
663 1985 707 2019 37
734 1997 803 2030 sq.;
837 1986 883 2028 cf.
912 1988 946 2020 et
971 2001 1017 2016 =
1044 1996 1046 2001 ⁴

305 2031 380 2075 μέν.
405 2050 451 2055 ——
476 2042 542 2075 que
568 2045 610 2061 =
637 2031 789 2074 quidem,
816 2033 879 2066 ubi
898 2043 1015 2067 exem·
1044 2039 1046 2042 ’

301 2078 407 2121 plum
439 2077 600 2119 affertur
633 2077 650 2110 1
675 2077 707 2119 4,
737 2078 751 2111 1
789 2078 851 2120 (cf.
887 2080 917 2119 3,
947 2080 1015 2121 15).
1045 2100 1046 2110 1

307 2124 360 2164 18,
387 2123 418 2157 3.
444 2142 490 2148 ——
513 2133 582 2167 que
607 2123 651 2156 ab
677 2123 787 2158 initio
812 2126 1015 2159 sententiae
1045 2160 1046 2166 ,

1045 2205 1046 2209 ¹
1076 2169 1200 2211 raptus
1227 2182 1270 2197 =
1296 2171 1412 2202 morte
1437 2169 1649 2211 absumptus
1675 2168 1692 2202 Ι
1718 2168 1772 2211 26,
1792 2167 1837 2203 20

1045 2214 1046 2220 ’
1077 2214 1170 2246 ratio
1186 2214 1233 2256 (2²)
1260 2215 1389 2247 mentis
1416 2213 1454 2248 ΙΙ
1482 2214 1511 2255 7,
1538 2214 1558 2247 2

1046 2270 1048 2290 1
1077 2263 1197 2293 reatus
1224 2259 1262 2293 ΙΙ
1288 2260 1320 2300 8,
1345 2260 1367 2293 5

305 2401 322 2435 Ι
342 2399 372 2441 7,
393 2399 425 2432 7.
451 2398 644 2431 Malacliiel
666 2425 671 2430 .
688 2423 712 2440 .,
730 2400 791 2442 qui
811 2401 847 2433 et
865 2400 1016 2443 angelus
1046 2392 1048 2409 ⁴¹

767 2444 773 2450 “
1047 2440 1048 2453 ’
1078 2443 1226 2477 recalces
1253 2442 1270 2477 I
1295 2443 1351 2485 38,
1381 2443 1408 2477 1.
1437 2444 1479 2476 A.
1507 2443 1573 2477 229

305 2447 380 2490 ipse
396 2445 437 2479 A.
452 2444 528 2479 345.
548 2454 697 2488 quorum
716 2455 777 2488 qul
795 2445 986 2488 primores.
1002 2471 1009 2479 .

305 2493 342 2525 in
368 2492 445 2525 1000
473 2500 657 2523 seruorum
680 2517 708 2523 ..
730 2491 947 2534 rediguntur
972 2492 1015 2525 A.
1047 2506 1048 2532 1

304 2538 316 2557 (

257 2537 652 2628 qi1‘i3332t22royatiuum
677 2581 865 2616 diuersum
882 2593 904 2615 a
918 2582 1015 2626 quis:

304 2629 408 2669 disee,
434 2627 530 2662 Deus
558 2627 619 2671 qui
634 2627 684 2661 sit
701 2628 742 2660 A.
760 2628 805 2662 90
823 2629 880 2671 (=
895 2628 1015 2671 qualis
1046 2639 1048 2668 1

303 2676 369 2715 sit;
406 2674 454 2716 cf.
479 2684 516 2707 u.
543 2674 639 2717 100).
676 2673 761 2707 sciri
786 2673 827 2707 de
852 2673 928 2717 ipso
954 2673 1015 2717 qui

305 2720 395 2754 esset
420 2720 460 2753 A.
500 2719 577 2752 117.
615 2721 708 2753 certe
746 2719 817 2753 iam
855 2722 1013 2771 apparet,
1045 2726 1047 2756 J

303 2766 377 2824 qui
410 2764 459 2798 sit
492 2764 585 2798 Deus
610 2764 769 2809 etquis
803 2765 840 2798 in
868 2775 943 2809 ipso
970 2765 1013 2801 A.

256 2812 524 2902 qu'gssssrodest?
558 2855 576 2889 I
601 2856 655 2895 24,
685 2856 738 2890 18.
771 2858 831 2900 qui
858 2856 1015 2900 proderit

304 2902 430 2937 Vnus?
472 2900 510 2934 ΙΙ
554 2902 611 2942 16,
655 2901 685 2934 9.
728 2921 770 2926 -
813 2916 858 2931 =
893 2902 1046 2946 aliquo,-

1123 1984 1278 2018 radicem
1310 1985 1348 2017 in
1381 1988 1487 2026 terra,
1522 1985 1580 2019 sed
1615 1987 1723 2029 caput
1754 1996 1830 2019 011111

1120 2030 1215 2063 caelo
1235 2033 1427 2073 peraequat
1446 2031 1484 2065 ΙΙ
1502 2032 1533 2072 3,
1550 2031 1603 2064 17.
1616 2050 1662 2055 —
1676 2046 1717 2060 -—-
1734 2041 1829 2075 qens,

1120 2076 1242 2109 natio:
1270 2076 1370 2109 radix
1397 2077 1606 2111 Chananaea
1631 2076 1669 2111 II
1698 2077 1751 2118 13,
1777 2077 1798 2111 3

1076 2122 1218 2164 rapinae
1244 2121 1283 2155 II
1309 2122 1340 2162 3,
1368 2122 1420 2156 13.
1447 2123 1487 2157 A.
1518 2122 1582 2156 176

1078 2305 1263 2347 rebellare,
1295 2304 1440 2340 rebellis
1473 2304 1516 2338 de
1542 2305 1776 2340 coutumacia·
1799 2308 1831 2339 et

1122 2351 1298 2431 {offagne
1335 2351 1376 2384 A.
1410 2352 1488 2386 261.
1528 2351 1605 2385 396.
1639 2351 1719 2384 431.
1755 2350 1833 2385 933.

1192 2422 1199 2439 7

1076 2489 1311 2569 reqapiitulare
1326 2504 1369 2519 =
1384 2489 1426 2522 iri
1440 2488 1647 2523 memoriam
1661 2498 1835 2523 reuocare

1191 2536 1219 2575 1,
1249 2536 1291 2568 19

1046 2570 1049 2607 ²·
1077 2580 1232 2614 recedere
1258 2595 1300 2610 =
1327 2580 1510 2621 decedere,
1537 2580 1630 2614 mori
1654 2579 1692 2613 11
1721 2580 1749 2620 1,
1788 2579 1832 2612 27

1122 2626 1186 2669 (cf.
1217 2626 1326 2671 Cypr.
1348 2637 1385 2670 p.
1412 2628 1494 2666 306,
1521 2628 1555 2660 6.
1579 2627 1663 2665 309,
1690 2626 1742 2659 20
1767 2624 1832 2668 Η.)

1046 2677 1048 2717 3
1076 2673 1299 2716 receptacula
1325 2672 1452 2706 mortis
1477 2672 1495 2706 I
1520 2672 1574 2713 27,
1601 2671 1622 2705 9

1044 2843 1046 2874 1

1044 2880 1045 2920 l

1075 2719 1228 2762 recipere
1243 2733 1285 2747 =
1300 2718 1462 2761 accipere
1482 2718 1523 2751 iri
1543 2716 1832 2751 matrimonium:

1121 2774 1230 2807 quam
1246 2763 1377 2807 (Liam)
1397 2763 1505 2797 Iacob
1520 2763 1557 2796 in
1577 2763 1679 2807 signo
1699 2762 1831 2805 recepit

1122 2810 1139 2843 Ι
1177 2809 1231 2849 39,
1269 2809 1300 2842 2.
1339 2830 1383 2833 —
1413 2823 1458 2838 =
1491 2809 1652 2852 accipere
1688 2808 1832 2841 merito:

1121 2855 1367 2899 recipiuntque
1399 2854 1510 2895 bona,
1543 2854 1711 2898 quoniam
1738 2853 1832 2887 mala

1121 2902 1216 2945 passi
1242 2901 1341 2935 fuere
1358 2900 1396 2934 ΙΙ
1415 2901 1447 2943 3,
1466 2901 1497 2933 8.
1525 2899 1704 2943 recipietis
1724 2900 1830 2940 enim,
