1934 3278
571 190 626 225 De
650 191 771 225 sancto
795 189 991 225 Athanasio
1017 190 1106 225 liber
1130 191 1173 226 Π.
1547 193 1629 236 183

125 331 218 361 eum
247 318 418 361 dicens:
442 318 705 371 patientiam
734 317 838 359 habe
867 318 916 359 in
947 331 1023 372 me,
1062 321 1097 359 et
1135 319 1280 360 omnia
1318 318 1496 360 reddam
1538 319 1626 361 tibi.

123 388 319 430 misertus
348 389 489 428 autem
518 386 718 428 dominus
747 387 862 428 serui
894 386 1013 428 illius
1044 387 1207 428 dimisit
1245 400 1339 429 eum
1381 390 1418 429 et
1448 387 1630 429 debitum

122 455 288 498 dimisit
317 455 367 497 ei.
402 466 590 509 eqrcssus
620 457 762 497 autem
791 467 940 497 seruus
971 455 1044 497 ille
1074 456 1242 497 inuenit
1271 469 1411 497 unum
1449 469 1500 498 ex
1533 469 1629 498 con-

122 525 260 566 seruis
287 523 378 565 suis
399 523 473 576 qui
497 523 664 566 debebat
685 523 724 564 ei
747 526 913 566 centum
933 524 1144 574 denarios,
1176 528 1213 566 et
1231 528 1376 567 tenens
1396 525 1631 578 suffocabat

88 608 105 633 ⁵
124 607 218 635 eum
248 593 413 635 dicens.-
443 593 567 635 redde
588 593 695 646 quod
725 593 856 637 debes,
889 595 928 635 et
939 594 1166 647 procidens
1187 607 1338 636 seruus
1362 592 1431 635 ille
1451 594 1626 648 roqabat

124 674 218 703 eum
239 662 407 704 dicens:
430 662 693 714 patientiam
713 661 816 703 habe
837 663 886 704 in
906 676 981 713 me,
1014 666 1052 704 et
1071 663 1246 705 reddam
1272 664 1360 706 tibi.
1395 664 1470 706 ille
1491 667 1634 708 autem,

123 730 276 781 noluit,
322 730 393 772 sed
432 731 541 772 abiit
584 734 622 773 et
659 732 775 774 misit
813 745 907 774 eum
938 732 986 773 in
1017 745 1239 786 carcerem,
1285 733 1411 776 donec
1443 733 1630 775 redderet

123 799 318 842 debitum.
349 800 541 842 uidentes
571 803 714 842 autem
743 801 940 843 conserui
970 801 1059 843 cius
1080 815 1188 855 quae
1208 801 1367 855 fiebant
1389 802 1630 844 contristati

122 873 236 920 sunt,
267 873 304 911 et
323 872 532 911 uenerunt
552 873 589 911 et
609 873 907 913 narrauerunt
928 870 1101 912 domino
1122 882 1196 912 suo
1218 872 1364 912 omnia
1387 884 1493 924 quae
1513 871 1629 924 facta

71 951 105 976 ιο
122 941 257 980 erant.
302 941 401 979 tunc
431 939 600 979 uocauit
629 952 723 980 eum
752 939 952 981 dominus
981 951 1083 980 suus
1114 942 1153 981 et
1183 939 1247 980 ait
1276 939 1370 983 illi.-
1408 953 1527 982 seruc
1557 953 1630 981 ne-

123 1022 266 1062 quam,
298 1021 420 1050 omne
440 1008 621 1050 debitum
648 1009 796 1051 remisi
827 1009 916 1063 tibi,
947 1009 1052 1061 quia
1082 1010 1243 1062 roqasti
1274 1022 1362 1059 me;
1392 1022 1480 1050 non
1506 1021 1630 1061 opor-

122 1078 205 1119 tuit
233 1080 270 1119 te
299 1090 459 1131 quoque
487 1078 677 1120 misereri
706 1090 902 1120 conseruo
922 1080 1005 1130 tuo,
1027 1078 1135 1120 sicut
1160 1080 1199 1120 et
1228 1091 1297 1132 eqo
1317 1079 1513 1120 misertus
1535 1091 1629 1119 sum

123 1147 234 1190 tibi?
263 1150 300 1189 et
329 1147 471 1188 iratus
501 1147 698 1189 dominus
735 1148 825 1189 eius
864 1147 1048 1189 tradidit
1085 1160 1179 1189 eum
1209 1147 1451 1202 tortoribus,
1491 1147 1630 1200 quoad

123 1225 255 1269 usque
283 1216 470 1258 redderet
499 1217 751 1258 uniuersum
781 1216 980 1259 debitum.
1043 1216 1104 1259 sic
1133 1219 1170 1258 et
1201 1217 1320 1259 uobis
1349 1216 1479 1269 faciet
1500 1219 1630 1270 pater

72 1298 104 1324 15
125 1298 242 1328 meus
271 1286 346 1338 qui
374 1286 423 1328 in
453 1285 582 1329 caelis
611 1289 681 1338 est,
721 1286 762 1328 si
791 1299 879 1328 non
908 1287 1155 1329 remiseritis
1185 1286 1471 1339 unusquisque
1500 1285 1633 1338 fratri

122 1367 199 1397 suo
229 1354 280 1397 de
309 1355 505 1397 cordibus
541 1357 706 1398 uestris.
767 1355 868 1409 quid
907 1355 1135 1409 respondes
1178 1355 1232 1397 ad
1270 1356 1372 1397 haee
1413 1355 1472 1405 tu,
1513 1355 1632 1396 euius

124 1425 277 1467 mentis
308 1424 418 1466 oculi
457 1424 601 1466 uidere
641 1424 812 1466 minime
852 1425 1065 1478 potuerint
1096 1425 1198 1466 haec
1233 1436 1340 1478 quae
1372 1423 1633 1477 praeceperit

122 1492 214 1534 fieri
246 1493 467 1535 dominus?
498 1493 570 1534 ubi
600 1492 719 1546 ponis
740 1492 847 1534 illud
868 1493 980 1546 quod
1001 1505 1135 1546 neque
1158 1493 1199 1534 in
1221 1493 1263 1533 te
1286 1505 1421 1546 neque
1443 1492 1485 1533 in
1509 1492 1632 1533 deum

125 1562 362 1616 deliquerit,
403 1562 478 1604 sed
519 1562 574 1604 sit
613 1561 825 1603 sustinens
857 1563 1207 1615 persecutionem,
1250 1573 1324 1602 cur
1357 1561 1633 1614 apostolicam

72 1640 106 1667 ὀ
122 1631 267 1673 teneat
296 1631 437 1681 fidem,
470 1643 544 1673 cur
566 1631 669 1673 noh't
689 1630 780 1672 fieri
806 1632 853 1672 ut
873 1632 919 1672 tu
943 1644 987 1672 es
1010 1631 1270 1684 sacrilegus?
1302 1630 1479 1671 firmasti
1500 1630 1633 1670 inter-

124 1700 251 1743 ficere
273 1700 464 1742 ueritatis
485 1700 819 1754 praedicatorem
841 1700 1012 1754 cupiens
1034 1700 1075 1741 in
1099 1712 1147 1741 eo
1168 1700 1210 1741 te
1233 1698 1442 1741 conlocari
1464 1699 1632 1748 honore,

122 1769 165 1810 in
196 1782 277 1823 quo
310 1770 407 1811 sunt
435 1769 497 1810 illi
528 1782 631 1822 quos
652 1769 694 1810 in
717 1769 936 1823 euangelio
959 1770 1002 1810 et
1022 1769 1319 1823 prophetarum
1343 1767 1633 1809 interfectores

125 1838 322 1892 designat
353 1838 544 1880 dominus
576 1838 618 1879 et
638 1838 789 1892 impias
810 1851 959 1880 manus
983 1838 1036 1880 ad
1057 1839 1194 1892 ipsum
1218 1837 1345 1879 etiam
1370 1836 1633 1890 porrecturos

126 1907 261 1960 aperit
291 1906 456 1948 dicens:
487 1907 604 1949 homo
634 1911 726 1950 erat
748 1908 1077 1962 paterfamilias
1106 1908 1180 1961 qui
1206 1906 1434 1960 plantauit
1462 1906 1635 1947 uincam

75 1982 107 2008 ἥ
125 1979 163 2017 et
199 1988 336 2029 sepem
373 1976 652 2019 circumdedit
687 1979 725 2018 et
762 1976 869 2030 fodit
907 1977 956 2019 in
995 1990 1045 2018 ea
1084 1976 1274 2018 torcular
1313 1978 1352 2017 et
1381 1974 1630 2028 aedificauit

126 2047 289 2086 turrem
318 2048 358 2087 et
387 2044 544 2087 locauit
572 2059 667 2087 eam
696 2045 867 2100 colonis,
908 2048 948 2087 et
978 2059 1149 2099 pereqre
1173 2045 1389 2099 profectus
1418 2047 1489 2087 est.
1541 2057 1635 2086 cum

125 2115 290 2165 tempus
319 2117 460 2155 autem
489 2113 703 2166 fructuum
734 2115 1129 2168 adpropinquasset,
1162 2115 1279 2157 misit
1299 2126 1439 2157 seruos
1460 2125 1557 2155 suos
1578 2112 1635 2154 ad

126 2180 299 2234 colonos,
330 2185 379 2223 ut
408 2183 612 2236 acciperet
641 2183 691 2225 de
720 2183 931 2236 fructibus
961 2184 1075 2235 suis,·
1114 2186 1154 2226 et
1190 2183 1328 2226 coloni
1357 2181 1634 2236 adprehensis

126 2251 263 2293 seruis
280 2265 415 2293 unum
435 2252 686 2306 ceciderunt,
710 2252 848 2294 alium
869 2255 1008 2295 autem
1030 2252 1350 2306 lapidauerunt,
1373 2252 1511 2294 alium
1532 2263 1632 2292 uero

76 2319 377 2362 ⁸⁹occiderunt.
409 2321 567 2363 iterum
596 2321 716 2363 misit
744 2322 801 2364 ad
834 2320 926 2363 illos
955 2334 1096 2363 seruos
1114 2320 1275 2375 plures,
1307 2323 1347 2363 et
1363 2321 1552 2375 fecerunt
1573 2318 1634 2360 eis

128 2388 341 2431 similiter.
402 2390 630 2431 nouissime
668 2392 810 2432 autem
850 2390 968 2432 misit
1004 2389 1097 2432 illis
1134 2390 1276 2443 filium
1304 2402 1430 2432 suum
1459 2387 1634 2430 unicum

128 2456 294 2499 dicens:
323 2458 578 2500 uerebuntur
604 2458 747 2512 silium
775 2472 927 2500 meum.
961 2458 1100 2501 coloni
1121 2461 1260 2500 autem
1289 2455 1634 2512 uidentesffilium

267 2616 314 2651 24
338 2616 466 2653 Matth.
492 2616 548 2658 21,
574 2617 708 2652 33-41
744 2596 746 2599 ’

198 2750 222 2785 4
245 2749 398 2786 dinarios
507 2752 529 2786 9
553 2753 591 2787 et
615 2755 846 2787 narrauerunt
870 2753 911 2787 in
935 2764 1004 2799 my.
1029 2765 1073 2788 m.
1099 2757 1117 2788 1
1144 2753 1235 2790 aad.
1344 2764 1408 2798 que
1520 2753 1562 2788 16
1587 2764 1635 2787 re-

129 2806 272 2852 spondis
366 2808 407 2843 18
433 2811 516 2854 quot
609 2810 655 2845 23
679 2813 896 2855 porrecturus
920 2822 941 2846 υ
1032 2810 1077 2846 29
1102 2810 1248 2846 alterum
1271 2823 1293 2847 v
