1934 3278
1617 238 1644 267 V

140 343 182 384 et
214 341 311 384 Tilii
351 341 541 384 codicem
586 342 842 385 intellexisse
882 345 1067 398 apparet,
1109 345 1221 399 quod
1258 359 1380 390 nemo
1411 348 1641 400 mirabitur,

139 411 208 465 qui
242 410 410 454 Coletos
440 410 558 452 illum
590 411 772 454 recentis
801 412 1050 455 correctoris
1075 426 1202 455 manu
1225 415 1341 457 uarie
1365 415 1641 460 deformatum

138 492 217 522 11011
260 479 397 533 ipsum
434 479 664 533 inspexisse
696 479 773 522 sed
803 481 1032 534 specimina
1062 482 1226 525 tantum
1258 484 1502 538 scripturae,
1535 500 1641 540 quae

136 549 278 589 utrum
308 547 511 602 genuinas
540 547 744 590 lectiones
779 561 830 590 an
863 562 970 602 quae
1004 551 1054 592 ab
1086 550 1150 593 his
1173 553 1339 606 saepius
1364 553 1486 607 longe
1518 567 1639 597 rece-

138 616 242 658 dunt
262 617 524 659 correcturas
546 616 908 670 suppeditauerint
927 618 1132 661 incertum
1156 620 1232 670 est,
1255 621 1401 663 nactos
1424 634 1515 664 esse
1540 635 1640 664 con-

137 686 399 728 siderauerit.
451 684 583 728 codex
633 698 733 727 uero
780 685 979 738 Venetus,
1032 687 1151 730 cuius
1199 689 1454 731 mentionem
1506 690 1640 733 Coleti

136 756 308 806 faciunt,
356 767 480 796 unam
525 753 690 795 tantum
738 753 973 807 epistulam,
1022 768 1128 809 quae
1174 756 1214 797 in
1260 757 1366 798 hanc
1416 757 1640 800 editionem

135 837 173 878 p.
207 824 291 866 324
320 823 491 877 recepta
533 822 609 873 est,
652 822 892 864 continebat
932 836 1066 877 neque
1107 824 1195 866 ulla
1235 825 1391 867 uirtute
1423 839 1638 869 commen-

136 894 326 935 dabatur.
371 904 478 946 quae
510 903 605 932 cum
635 891 695 932 ita
728 892 880 942 essent,
915 892 956 933 et
975 892 1142 935 Noltius
1174 893 1238 935 uir
1270 893 1538 937 doctissimus
1570 897 1637 950 qui

134 961 316 1003 Luciferi
360 960 400 1002 in
448 960 526 1002 hoc
572 972 743 1013 corpore
791 959 940 1002 edendi
988 973 1131 1003 curam
1177 962 1332 1005 multos
1373 964 1468 1006 ante
1512 977 1639 1007 annos

135 1030 380 1084 susceperat
419 1030 460 1070 et
497 1028 600 1082 ipse,
648 1028 719 1081 qui
758 1029 922 1071 mortuo
968 1029 1039 1072 illo
1086 1030 1126 1071 in
1160 1031 1235 1072 hoc
1269 1031 1406 1074 officio
1439 1034 1637 1076 successi.

134 1099 188 1142 ad
209 1112 320 1141 noua
337 1097 525 1140 subsidia
541 1096 808 1150 suggerenda
825 1109 988 1138 summa
1004 1110 1099 1139 cum
1124 1097 1342 1152 diligentia
1362 1099 1638 1143 bibliothecas

131 1167 384 1222 perscrutati
430 1178 586 1215 sumus,
634 1164 709 1206 sed
751 1165 918 1206 frustra.
971 1178 1021 1207 110
1066 1178 1160 1219 spes
1204 1167 1386 1220 quidem,
1420 1182 1545 1222 quam
1577 1171 1636 1211 Io.

132 1237 225 1280 Alb.
259 1235 476 1278 Fabricius
509 1233 722 1283 attulerat,
765 1246 861 1275 cum
900 1234 941 1276 in
973 1235 1229 1278 bibliotheca
1259 1237 1471 1280 Iohannea
1501 1239 1637 1281 Ham-

131 1306 329 1360 burgensi
361 1317 405 1347 se
439 1303 645 1345 Tilianam
679 1301 902 1345 editionem
937 1315 1033 1345 cum
1064 1304 1196 1346 bonae
1228 1306 1350 1347 notae
1382 1306 1527 1349 codice
1560 1320 1636 1349 ms.

132 1374 329 1417 collatam
376 1372 584 1415 euoluisse
629 1372 858 1413 testaretur
907 1373 964 1427 (in
1004 1373 1101 1415 bibl.
1142 1373 1251 1415 med.
1294 1375 1336 1416 et
1372 1375 1440 1417 inf.
1473 1375 1546 1418 lat.
1580 1377 1634 1418 n·

131 1457 167 1498 p.
203 1444 320 1498 839),
354 1442 520 1496 expleta
552 1441 627 1483 est.
679 1441 1030 1495 Eyssenhardtius
1063 1442 1172 1483 enim
1203 1443 1267 1484 uir
1298 1444 1636 1495 humanissimus,

131 1514 201 1568 qui
247 1513 283 1555 ei
325 1510 605 1554 bibliothecae
645 1510 826 1563 praeest,
862 1510 1068 1552 Τ1113113111
1110 1511 1279 1565 quidem
1322 1512 1547 1555 editionem
1578 1514 1634 1556 ibi

132 1583 295 1624 exstare
338 1579 412 1623 sed
447 1580 612 1632 praeter
643 1578 876 1620 locutiones
907 1578 1193 1622 Luciferianas
1224 1580 1264 1621 in
1295 1581 1504 1634 postremo
1536 1582 1634 1625 folio

132 1651 335 1699 adiectas,
376 1659 480 1702 quas
516 1646 755 1689 Fabricium
788 1646 979 1701 decipere
1010 1648 1197 1701 potuisse
1230 1650 1467 1702 suspiceris,
1500 1663 1634 1704 neque

131 1718 245 1761 aliud
287 1717 511 1771 quicquam
554 1728 687 1768 neque
720 1715 807 1757 ulla
837 1715 994 1759 codicis
1026 1717 1122 1759 noui
1152 1718 1393 1760 testimonia
1424 1719 1635 1762 continere

128 1787 293 1841 roganti
324 1784 552 1838 rescripsit.

187 1868 292 1911 Cum
324 1866 451 1920 igitur
484 1865 552 1918 qui
574 1864 755 1906 Luciferi
787 1877 915 1918 opera
936 1865 1215 1908 emendabant
1246 1867 1296 1908 ab
1322 1867 1443 1909 unius
1476 1867 1632 1910 codicis

131 1936 383 1979 auctoritate
405 1933 634 1988 pendentes
657 1945 751 1975 eum
772 1945 920 1987 reapse
951 1934 1222 1976 multifariam
1251 1936 1489 1989 corruptum
1512 1937 1635 1979 uide-

126 2007 221 2048 rent
251 2003 590 2058 singularemque
618 2001 707 2044 eius
728 2003 942 2053 uirtutem,
976 2003 1045 2057 qui
1067 2003 1248 2045 Luciferi
1270 2017 1502 2046 sermonem
1524 2005 1632 2047 inso-

125 2075 213 2117 litis
235 2074 457 2116 uerborum
479 2071 622 2114 formis
645 2073 933 2125 sensibusque,
961 2073 1178 2115 arbitrario
1210 2085 1384 2115 casuum
1414 2073 1632 2116 modorum

125 2145 360 2197 temporum
392 2155 482 2191 usu,
514 2142 790 2184 immoderato
822 2142 1011 2197 asyndeti
1044 2154 1183 2183 amere
1214 2142 1419 2195 insignem
1450 2142 1633 2184 fideliter

126 2211 407 2261 conseruaret‚
454 2210 624 2253 maioris
672 2210 799 2252 etiam
841 2210 1152 2264 deprauationis
1190 2210 1391 2251 indicium
1430 2210 1632 2253 haberent

125 2292 298 2322 necesse
333 2280 457 2329 esset,
499 2279 588 2320 fieri
620 2291 700 2321 non
730 2279 878 2332 potuit,
922 2279 1019 2332 quin
1053 2291 1101 2320 ea
1133 2291 1240 2332 quae
1271 2278 1395 2320 facile
1429 2279 1480 2320 ad
1513 2292 1630 2321 com-

125 2362 273 2392 munes
312 2349 483 2403 linguae
524 2348 643 2401 leges
683 2348 874 2390 reuocari
915 2349 1085 2401 possent
1115 2348 1203 2389 sine
1234 2347 1323 2389 ulla
1354 2347 1628 2389 haesitatione

123 2419 287 2461 mutare
334 2418 545 2460 certarent
588 2417 730 2471 itaque
776 2417 1002 2459 innumeris
1047 2416 1151 2459 locis
1202 2416 1415 2469 scriptoris
1460 2429 1630 2458 manum

124 2487 426 2529 oblitterarent.
481 2499 609 2540 quare
641 2486 821 2539 plurima
852 2499 958 2539 quae
990 2486 1052 2527 illi
1083 2485 1341 2527 nouauerant
1372 2484 1630 2527 confidenter

124 2555 264 2605 reieci,
306 2568 442 2609 pauca
483 2555 573 2597 eius
614 2554 779 2608 generis
812 2566 918 2607 quae
953 2553 1191 2595 dubitanter
1221 2552 1374 2594 retinui
1404 2565 1551 2594 uereor
1583 2555 1628 2595 ut

121 2623 284 2678 possint
314 2623 494 2674 defendi,
526 2623 645 2666 uelut
676 2624 714 2674 7,
750 2624 802 2666 15
832 2624 981 2676 9111-
1005 2623 1162 2675 fuerit
1191 2622 1358 2674 missas,
1395 2623 1460 2672 15,
1494 2622 1544 2663 21
1580 2625 1627 2663 ut

123 2697 194 2744 (=
219 2691 444 2746 quomodo)
476 2694 588 2734 sint
622 2692 775 2734 Valens
806 2691 1021 2742 Ursacius,
1054 2691 1120 2742 78,
1156 2690 1208 2732 16
1237 2690 1337 2732 haec
1367 2694 1466 2732 sunt
1492 2704 1625 2744 prae-

122 2762 212 2802 mia
242 2774 347 2814 quae
377 2764 452 2803 tua
482 2762 647 2815 eyreyia
679 2761 956 2813 conquirunt
987 2758 1178 2814 consilia,
1224 2758 1324 2801 haec
1354 2758 1436 2801 illa
1465 2759 1625 2812 optima

120 2843 228 2883 quae
266 2832 439 2871 mortem
472 2831 679 2883 pariant
720 2829 1032 2883 sempiternam,
1079 2827 1177 2870 haec
1212 2841 1320 2881 quae
1350 2827 1624 2881 dertteryant
