1934 3278
1465 244 1591 274 xvnu

105 354 279 409 logetico
311 355 521 409 disputata
551 355 688 405 erant,
734 356 776 398 et
814 354 1036 409 diligenter
1074 357 1279 409 congessit
1317 357 1359 397 et
1389 356 1595 398 recensuit

105 423 327 476 prudenter
357 426 400 465 et
429 423 514 465 suis
546 423 678 466 doctis
710 422 1125 466 commentationibus
1156 424 1282 465 auxit.

160 491 316 534 Deinde
345 503 495 533 nouam
526 491 721 534 carminis
753 490 978 533 editionem
1015 491 1339 534 Hermannus
1370 492 1595 534 Roensch

105 558 320 613 adgressus
364 562 425 601 est
472 559 514 600 in
553 557 809 602 ‘Zeitschrift
853 559 918 601 fiir
964 559 1030 602 die
1076 559 1318 602 historische
1355 559 1591 614 Theologie'

104 639 199 670 ann.
223 627 332 670 1872
363 640 401 681 p.
429 629 508 671 163
529 641 616 682 sqq.
662 628 866 671 Editionis
889 627 1196 670 Roenschianae
1217 630 1300 670 tres
1322 629 1423 670 sunt
1442 630 1590 682 partes

105 708 278 748 quarum
311 698 390 738 una
419 696 619 751 praefatio
640 697 887 749 continetur,
919 696 1056 738 altera
1075 709 1180 738 noua
1201 697 1396 739 carminis
1416 699 1594 740 recensio

104 776 196 805 cum
229 765 519 807 commentario
551 765 706 816 critico,
739 765 863 807 tertia
893 766 1224 814 commentarius,
1264 777 1343 819 quo
1385 768 1425 807 et
1462 778 1527 808 res
1556 768 1597 807 et

105 834 227 875 uerba
243 835 429 875 accurate
447 834 714 887 explicantur.
755 833 802 875 In
818 833 896 876 hac
911 834 1036 875 tertia
1052 833 1240 887 inprimis
1258 836 1376 887 parte
1393 835 1499 875 mira
1518 833 1597 876 uiri

103 902 311 944 doctrinae
340 903 506 944 ubertas
538 902 689 950 enitet,
722 913 816 943 cum
847 901 907 943 ibi
938 914 1006 943 eae
1039 902 1216 956 agantur
1246 915 1329 954 res,
1378 902 1419 944 in
1451 902 1598 956 quibus

103 970 173 1012 ille
204 971 288 1012 iam
320 970 390 1012 diu
421 972 577 1024 regnat,
610 970 794 1024 uulgaris
826 970 916 1012 dico
947 970 1170 1013 latinitatis
1200 971 1404 1014 rationem
1427 971 1470 1012 et
1487 971 1596 1013 anti-

103 1040 282 1093 quitates
305 1038 562 1081 Christianas
584 1044 624 1081 et
655 1039 881 1081 bibliorum
913 1039 1135 1081 latinorum
1167 1040 1363 1082 lectiones
1394 1040 1597 1082 uetustas.

165 1120 285 1161 Anno
333 1120 439 1162 1877
485 1120 609 1161 tertia
654 1119 850 1161 carminis
896 1118 1143 1173 apologetici
1191 1120 1318 1162 editio
1366 1121 1598 1162 Ernesto

103 1188 310 1242 Ludwig
347 1190 516 1230 curante
553 1189 593 1230 in
630 1187 878 1230 bibliotheca
906 1188 1192 1230 Teubneriana
1221 1189 1388 1242 prodiit.
1454 1189 1597 1242 Neque

101 1256 173 1298 ille
205 1269 251 1298 ea
281 1269 324 1298 re
355 1259 494 1299 actum
524 1257 630 1312 egit3
662 1268 754 1298 nam
788 1269 879 1298 cum
910 1257 998 1309 ipse
1025 1268 1184 1310 quoque
1206 1257 1421 1310 uulgarem
1445 1258 1593 1299 Roma-

102 1336 245 1368 norum
283 1337 510 1368 sermonem
549 1326 711 1379 penitus
742 1325 954 1380 cognitum
986 1324 1159 1367 haberet
1188 1327 1231 1367 et
1261 1325 1331 1368 uia
1360 1338 1408 1368 ac
1439 1326 1596 1368 ratione

102 1394 434 1448 progrederetur,
481 1393 584 1436 satis
627 1405 815 1447 prospere
847 1393 884 1434 ei
917 1405 980 1435 res
1018 1395 1162 1442 cessit,
1210 1394 1342 1447 quoad
1383 1395 1470 1436 eius
1509 1394 1596 1436 sine

102 1474 207 1505 noua
237 1462 386 1505 codicis
416 1462 737 1505 Mediomontani
769 1462 988 1504 collatione
1020 1462 1109 1503 fieri
1141 1463 1292 1515 potuit.

175 1599 248 1645 De
277 1611 409 1644 noua
441 1597 708 1643 collatione
740 1596 964 1643 codicum
995 1596 1523 1644 Mediomontanorum.

163 1691 271 1743 Quas
302 1692 421 1732 modo
453 1689 773 1731 memorauimus
805 1690 1001 1730 carminis
1039 1688 1283 1743 apologetici
1324 1689 1526 1731 editiones
1558 1691 1600 1731 et

102 1760 484 1807 commentationes,
532 1771 601 1800 eae
631 1770 770 1800 omnes
803 1758 893 1799 sola
922 1757 1062 1799 Pitrae
1093 1757 1315 1800 collatione
1347 1757 1598 1807 nitebantur,

102 1840 350 1882 quamquam
381 1827 449 1869 hic
478 1827 564 1880 ipse
594 1826 801 1868 fatebatur
825 1824 1035 1879 ‘raptim
1065 1838 1108 1868 se
1139 1826 1328 1880 ignotum
1351 1823 1527 1868 carmen'
1552 1839 1599 1867 ex

101 1896 234 1939 codice
274 1895 536 1948 descripsisse
555 1893 624 1947 ²⁸).
675 1895 819 1948 Itaque
862 1894 963 1936 uiris
1004 1894 1293 1948 amplissimis,
1341 1894 1410 1947 qui
1442 1896 1599 1949 corpori

100 1966 347 2019 scriptorum
378 1964 747 2006 ecclesiasticorum
779 1964 1001 2005 latinorum
1033 1964 1147 2004 iussu
1169 1965 1210 2004 et
1231 1963 1465 2016 sumptibus
1490 1966 1599 2005 Aca-

100 2033 259 2075 demiae
289 2032 507 2074 Caesareae
539 2032 863 2073 vindobonensis
896 2031 1052 2073 edendo
1082 2034 1292 2085 praesunt,
1325 2043 1470 2084 operae
1502 2043 1599 2084 pre-

103 2102 208 2143 tium
240 2113 327 2143 esse
357 2100 496 2142 uisum
527 2101 611 2151 est,
659 2111 806 2141 nouam
843 2099 996 2142 codicis
1027 2099 1351 2142 Mediomontani
1382 2099 1598 2141 instituere

104 2168 380 2211 collationem.

159 2248 212 2290 Et
241 2247 374 2302 primo
406 2247 663 2289 Henricus
695 2247 985 2301 Stephanus
1017 2247 1317 2301 Sedlmayer
1348 2258 1451 2289 anno
1476 2248 1597 2296 1879,

102 2316 200 2359 dum
232 2317 404 2359 aliorum
437 2315 695 2371 negotiorum
728 2328 849 2358 causa
874 2315 1160 2358 Cheltenhami
1192 2318 1394 2364 uersatur,
1427 2315 1595 2357 illorum

103 2386 282 2426 uirorum
314 2385 474 2427 monitu
506 2397 584 2426 non
618 2384 750 2425 solum
790 2384 973 2426 codicem
1009 2384 1137 2435 1825,
1185 2396 1263 2437 quo
1304 2384 1594 2425 instructiones

103 2453 384 2504 continentur,
432 2454 503 2495 sed
549 2453 675 2494 etiam
722 2454 899 2494 codicem
936 2452 1095 2503 12261,
1143 2452 1248 2494 unde
1279 2452 1394 2493 Pitra
1433 2465 1597 2493 carmen

102 2521 403 2577 apologeticum
445 2522 598 2572 edidit,
645 2522 823 2575 inspexit
855 2525 895 2563 et
927 2523 1140 2575 utriusque
1171 2520 1403 2562 conferendi
1439 2521 1599 2573 pericu-

102 2589 190 2631 lum
234 2591 340 2633 fecit.
407 2591 645 2632 Extremam
691 2593 829 2631 autem
877 2590 1071 2631 carminis
1117 2588 1357 2642 apologetici
1404 2588 1597 2642 paginam

102 2661 233 2699 totam
264 2660 450 2700 accurate
482 2659 667 2713 depinxit
698 2659 739 2699 et
770 2657 948 2711 uestigia
978 2657 1220 2710 scripturae,
1251 2668 1354 2709 quae
1380 2668 1529 2709 magna
1551 2668 1597 2697 ex

102 2728 216 2778 parte
240 2729 473 2775 euanuerat‚
507 2726 692 2768 studiose
717 2726 941 2779 indagauit.
991 2725 1101 2777 Quas
1132 2725 1203 2766 ille
1225 2737 1270 2765 ex
1294 2727 1468 2778 utroque
1489 2723 1596 2766 libro

160 2849 197 2891 ²⁸)
225 2850 346 2893 Spicil.
373 2849 513 2884 Solesm.
540 2849 589 2884 lv
615 2861 645 2893 p.
672 2850 748 2883 222.

1418 2917 1459 2950 b·
