1934 3278
1552 257 1605 287 111

96 363 375 419 sacrilegum,
424 363 685 416 carnificem,
737 364 1010 416 homicidam,
1062 364 1348 417 idololatram,
1399 367 1601 421 templum

100 433 350 476 daemonum
398 433 441 476 et
484 432 698 487 religionis
745 444 994 483 euersorem,
1035 433 1308 485 haereticum,
1353 435 1601 490 apostatam,

100 502 336 545 antichristi
364 513 682 555 praecursorem
715 501 839 555 atque
872 501 976 543 adeo
1006 501 1143 556 ipsum
1176 502 1466 545 antichristum
1490 504 1602 546 Con-

100 571 303 613 stantium
341 569 583 612 uocauerit'.
636 569 835 612 nonnulla
871 570 1013 612 tamen
1047 571 1214 625 egregie
1247 572 1426 613 correxit
1454 572 1601 626 legen-

99 640 289 694 tiumque
320 638 609 682 commoditati
642 651 690 680 eo
720 638 944 692 prospexit,
987 639 1034 679 ut
1065 638 1225 681 scholia
1257 640 1439 694 optimae
1471 641 1602 695 frugis

97 709 222 762 plena
266 708 318 751 ad
360 707 651 762 explicandum
694 707 908 761 scriptoris
940 720 1172 750 sermonem
1203 708 1245 750 in
1276 709 1394 751 calce
1428 709 1602 752 adderet

94 778 301 832 pluraque
341 777 437 819 libri
481 777 524 818 et
563 775 761 829 descripti
802 776 844 817 et
881 775 1074 830 impressi
1113 776 1268 819 menda
1315 777 1373 820 ibi
1411 778 1601 825 tolleret;

98 847 432 890 testimoniorum
465 858 486 887 e
526 857 647 887 sacra
687 844 894 898 scriptura
937 845 1176 899 petitorum,
1225 845 1375 899 quibus
1420 846 1599 889 Luciferi

96 916 195 959 libri
239 915 382 958 referti
426 914 536 965 sunt,
587 926 820 956 sermonem
867 926 892 955 a
936 914 1111 968 uulgata
1159 915 1400 957 recensione
1451 915 1599 957 mirum

99 985 301 1039 quantum
345 984 571 1026 distantem
613 982 776 1025 notauit
815 982 891 1024 sed
935 983 1139 1025 laudabili
1180 983 1353 1025 consilio
1398 984 1601 1026 intactum

94 1054 277 1108 reliquit.

152 1133 242 1175 Viri
288 1132 414 1182 docti,
462 1132 533 1185 qui
576 1132 672 1185 post
705 1131 858 1173 Tilium
905 1132 970 1174 his
1012 1131 1129 1174 libris
1170 1145 1338 1186 operam
1380 1134 1598 1182 nauarunt,

94 1203 303 1245 nullorum
347 1201 540 1244 codicum
588 1201 838 1243 auctoritate
888 1200 1094 1251 adstricti,
1141 1201 1182 1243 in
1231 1202 1320 1244 arte
1366 1202 1598 1245 exercenda

93 1272 267 1314 liberius
307 1270 465 1313 uersati
506 1270 616 1320 sunt,
662 1269 772 1312 inter
804 1282 907 1324 quos
936 1270 1167 1324 principem
1207 1271 1348 1313 locum
1378 1271 1597 1314 Latinus

91 1341 334 1383 Latinius
389 1339 548 1382 obtinet
605 1338 751 1380 iudicii
802 1339 1031 1382 sobrietate
1084 1340 1126 1381 et
1174 1340 1329 1394 ingenii
1398 1340 1598 1382 felicitate

94 1410 317 1460 excellens,
349 1409 468 1452 cuius
499 1408 766 1450 coniecturae
793 1408 835 1449 et
856 1409 1169 1451 obseruationes
1201 1409 1242 1450 in
1270 1405 1421 1451 ‘Latini
1442 1409 1595 1452 Latinii

94 1478 369 1521 Viterbiensis
399 1477 655 1520 bibliotheca
685 1476 857 1530 profana
888 1478 930 1519 et
953 1490 1073 1519 sacra
1104 1490 1126 1519 e
1157 1478 1458 1532 marginalibus
1489 1480 1598 1521 notis

93 1548 286 1590 codicum
333 1547 520 1589 eiusdem
566 1559 590 1588 a
634 1547 852 1589 Dominico
896 1547 1042 1589 Macro
1087 1547 1301 1589 Melitensi
1347 1559 1443 1589 cum
1493 1561 1597 1590 non-

92 1617 218 1658 nullis
249 1616 448 1659 Consalui
478 1616 623 1657 Poncii
661 1616 1008 1658 meditationibus
1039 1610 1257 1658 collectae'
1297 1618 1454 1659 Romae
1492 1618 1595 1659 1727

92 1699 129 1739 p.
168 1686 246 1728 157
270 1697 359 1739 sqq.
409 1684 547 1727 editae
594 1686 702 1735 sunt,
750 1698 1006 1739 quamquam
1046 1698 1096 1727 ne
1137 1685 1207 1727 ille
1251 1685 1420 1739 quidem
1451 1699 1596 1728 sacrae

92 1754 323 1808 scripturae
363 1754 479 1796 locos
521 1754 714 1796 cautione
755 1767 838 1808 qua
878 1754 1059 1797 debebat
1088 1755 1302 1796 tractauit.
1354 1755 1395 1796 et
1426 1768 1596 1797 numero

92 1825 134 1866 et
164 1824 296 1878 pretio
327 1823 487 1865 minora
519 1823 615 1865 suut
651 1836 758 1877 quae
790 1824 854 1865 Io.
889 1823 1134 1877 Baptista
1166 1823 1491 1875 Cotelerius,
1525 1824 1594 1878 qui

92 1892 317 1935 editionem
348 1892 634 1942 incohauerat,
666 1892 706 1933 in
744 1892 852 1934 notis
892 1892 945 1933 ad
966 1892 1308 1934 ‘Constitutiones
1333 1889 1597 1945 apostolicas’

92 1962 134 2004 et
177 1962 218 2003 in
266 1961 562 2003 ‘Monumentis
610 1961 815 2003 ecclesiae
861 1963 1054 2015 graecae'
1101 1962 1143 2003 et
1187 1960 1488 2003 Ludouicus
1527 1961 1596 2003 La

92 2030 259 2073 Cerda
287 2031 328 2072 in
358 2026 639 2072 ‘Aduersariis
671 2030 816 2072 sacris’
848 2043 938 2084 cap.
972 2031 1037 2073 37.
1062 2031 1116 2073 38
1149 2030 1190 2071 et
1220 2031 1273 2072 47
1306 2031 1593 2073 contulerunt:

89 2099 231 2140 tamen
263 2112 313 2141 ea
343 2099 529 2141 bonitate
563 2100 604 2140 et
642 2099 853 2140 modestia
890 2099 1013 2152 longe
1057 2100 1255 2152 superant
1284 2098 1594 2152 Lugdunen-

92 2180 191 2218 ses,
225 2168 294 2221 qui
322 2169 435 2210 tomo
466 2168 521 2209 IV
554 2163 856 2210 ‘Bibliothecae
879 2169 1035 2210 sacrae'
1063 2167 1243 2209 Luciferi
1275 2181 1400 2221 opera
1425 2181 1459 2210 a.
1487 2169 1593 2211 1687

90 2237 365 2287 inseruerunt,
414 2238 456 2278 et
493 2237 629 2290 ipsum
670 2237 927 2278 Andream
962 2236 1322 2286 Gallandium,
1372 2237 1441 2290 qui
1474 2238 1592 2278 eain

87 2303 207 2348 ‘Bib1.
241 2306 343 2348 uett.
368 2302 451 2359 pp.'
472 2307 585 2347 tomo
607 2305 665 2347 VI
688 2306 878 2348 Venetiis
905 2319 939 2348 a.
967 2307 1078 2349 1770
1108 2306 1252 2348 edidit.
1299 2306 1326 2347 ii
1360 2307 1467 2347 enim
1498 2319 1591 2347 ma-

90 2375 202 2416 xima
233 2375 412 2417 audacia
441 2375 481 2416 in
514 2375 726 2429 scriptoris
758 2376 890 2417 uerba
919 2375 1100 2429 grassati
1132 2376 1241 2424 sunt,
1274 2374 1463 2428 plurimis
1495 2385 1592 2415 uero

90 2443 195 2485 locis
226 2456 371 2486 sacrae
403 2445 634 2498 scripturae
671 2445 927 2494 testimonia,
969 2457 1075 2498 quae
1106 2445 1272 2498 propter
1303 2443 1521 2497 uulgarem
1553 2443 1594 2484 et

92 2512 306 2566 antiquum
339 2525 585 2559 sennonem.
618 2526 741 2567 quem
773 2526 872 2567 prae
898 2526 942 2555 se
966 2514 1113 2562 serunt,
1145 2512 1314 2553 maximi
1340 2512 1460 2565 pretii
1483 2513 1591 2557 sunt,

92 2584 373 2636 corruperunt.
435 2584 528 2637 post
586 2595 657 2624 eos
718 2583 869 2624 fratres
919 2582 1223 2624 Dominicus
1274 2582 1315 2622 et
1366 2582 1454 2622 Iac
1467 2581 1592 2622 obus

92 2650 264 2692 Goleti
295 2664 491 2706 magnam
521 2652 598 2693 sibi
631 2652 883 2705 parauerunt
913 2651 1150 2704 iustamque
1181 2649 1363 2697 laudem,
1397 2648 1466 2702 qui
1498 2661 1590 2689 cum

94 2717 278 2760 Venetiis
326 2732 361 2761 a.
396 2720 504 2762 1778
550 2719 788 2761 Luciferum
837 2718 1020 2767 oderent,
1068 2718 1107 2759 in
1154 2718 1408 2772 praefatione
1457 2716 1591 2758 doctis

93 2787 406 2840 quaestionibus
446 2788 577 2830 uitam
617 2788 800 2830 auctoris
843 2786 1218 2840 opusculorumque
1261 2785 1447 2827 ordinem
1492 2783 1591 2825 illu-

92 2856 292 2905 strabant,
326 2858 548 2899 uerborum
570 2856 856 2910 integritatem
891 2856 942 2898 ad
975 2855 1167 2898 codicum
1200 2855 1224 2896 i.
1260 2867 1294 2896 e.
1327 2853 1437 2895 unici
1470 2851 1591 2894 Vati-

1406 2932 1455 2966 a*
