1934 3278
596 241 648 275 De
674 242 794 275 sancto
820 240 1012 275 Athanasio
1038 239 1127 274 liber
1151 240 1191 274 11.
1566 241 1645 282 153

147 367 331 408 tionem?
363 378 412 407 ne
445 365 596 408 dixisse
619 366 868 407 memineras
892 365 1124 407 dominum:
1156 366 1341 408 audistis
1361 367 1465 420 quia
1485 367 1643 409 dictum

148 439 206 478 est
244 436 456 489 antiquis:
502 449 587 477 non
628 436 807 487 occides,·
850 436 1097 489 quicumque
1135 439 1274 477 autem
1313 435 1510 477 occiderit
1548 447 1643 477 reus

149 504 228 546 erit
260 503 428 546 iudicio.
461 517 530 558 eqo
562 506 702 546 autem
733 504 823 546 dico
863 503 980 545 uobis
1021 504 1128 556 quod
1167 504 1305 546 omnis
1340 505 1413 558 qui
1442 504 1644 546 irascitur

146 572 279 626 fratri
299 586 373 615 suo
394 573 486 614 sine
507 586 637 614 causa
657 585 753 614 reus
774 573 854 614 erit
874 573 1047 623 iudicio,
1079 573 1125 614 ut
1146 573 1250 614 haec
1273 572 1363 614 fieri
1384 572 1643 626 imperares?

110 654 125 678 5
147 641 179 682 si
210 641 341 683 iratus
374 641 487 682 fuero
521 641 607 682 sine
640 653 768 682 causa
799 640 915 682 fratri
949 654 1054 684 meo.
1098 642 1131 683 si
1165 641 1305 683 dixero
1338 654 1433 682 eum
1464 640 1639 689 fatuum,

146 722 263 751 reum
303 723 369 751 me
413 709 515 750 dicit
553 710 739 750 futurum
779 709 924 751 unicus
970 710 1035 750 dei
1077 709 1188 751 filius
1219 710 1259 751 in
1291 711 1544 763 gehennam;
1588 711 1641 757 et.¹

146 778 371 831 imperator
389 778 619 827 Constanti,
644 777 678 819 si
695 777 840 819 fudero
858 790 1048 819 cruorem
1065 778 1308 828 innocentis,
1334 778 1437 819 dicis
1458 778 1643 832 requiem

151 847 267 902 <me>
312 846 524 888 aeternam
565 858 855 899 possessurum
901 859 975 887 nec
1016 846 1195 888 retinere
1237 847 1430 900 potuisti,
1479 847 1643 901 quando

145 914 418 957 meditabaris
450 914 627 956 interfici
668 915 900 968 oportuisse
941 915 1231 966 Athanasium,
1273 916 1348 957 sub
1388 916 1502 970 quali
1542 928 1644 957 con-

95 997 128 1022 10
148 983 302 1026 ditione
334 996 506 1025 munera
531 983 700 1025 iusserit
723 983 857 1025 offerri
882 983 1101 1025 dominus?
1132 985 1169 1025 si
1190 984 1323 1039 igitur
1344 985 1470 1037 offers
1490 998 1646 1026 munus

146 1055 264 1094 tuum
294 1053 350 1095 ad
372 1053 510 1095 altare
529 1055 566 1094 et
586 1052 646 1094 ibi
668 1056 966 1094 rememoratus
988 1053 1137 1108 fueris,
1169 1054 1278 1106 quod
1300 1053 1453 1095 habeas
1479 1053 1646 1106 aliquid

144 1135 237 1163 cum
267 1122 402 1175 fratre
432 1125 516 1175 tuo,
542 1135 653 1175 pone
685 1135 840 1164 munus
871 1125 990 1163 tuum
1021 1125 1120 1163 ante
1150 1122 1289 1164 altare
1320 1125 1359 1164 et
1388 1122 1497 1164 uadc
1516 1123 1644 1175 prius

143 1191 413 1232 reconciliari
443 1191 578 1243 fratri
607 1194 690 1243 tuo,
730 1194 766 1231 et
808 1194 908 1232 tnnc
938 1203 1131 1232 reuersus
1172 1190 1296 1243 offers
1326 1203 1482 1232 munus
1512 1194 1644 1232 tuum.

145 1259 245 1312 quid
266 1260 402 1301 fuerat
424 1259 618 1313 operatus
640 1259 845 1300 malorum
869 1258 1136 1309 Athanasius,
1161 1260 1208 1300 ut
1229 1260 1332 1301 haec
1359 1260 1645 1312 transgressus

95 1340 125 1364 15
143 1328 368 1382 praecepta
389 1328 567 1369 interfici
591 1341 684 1369 eum
707 1328 960 1369 mandares?
991 1340 1139 1382 nempe
1161 1328 1252 1378 hoc,
1275 1328 1385 1382 quod
1409 1341 1452 1370 se
1470 1328 1645 1371 Christi-

146 1409 268 1438 anum
302 1397 451 1439 dixerit
474 1399 544 1439 aut
569 1397 703 1444 dicat:
739 1397 851 1438 aliud
889 1397 1043 1438 etenim
1075 1396 1175 1438 nihil
1199 1398 1262 1439 est
1294 1397 1404 1450 quod
1438 1398 1645 1439 execraris

145 1466 268 1519 atque
301 1479 345 1508 es
375 1466 519 1520 punire
552 1466 722 1519 cupiens
752 1465 792 1506 in
826 1466 1067 1507 Athanasio.
1130 1478 1209 1507 non
1240 1466 1490 1508 memineras
1521 1480 1644 1520 prae-

144 1534 304 1588 cepisse
347 1534 559 1576 dominum
600 1535 726 1576 etiam
766 1534 956 1576 inimicos
997 1534 1252 1588 diligendos,
1300 1536 1346 1575 ut
1387 1547 1480 1576 eum
1523 1549 1642 1589 quem

144 1615 274 1656 neque
316 1604 356 1644 in
395 1608 436 1644 te
478 1616 610 1656 neque
649 1604 688 1644 in
731 1603 853 1644 deum
894 1604 1023 1645 scires
1068 1616 1267 1656 peccasse
1311 1605 1399 1646 tam
1442 1605 1644 1646 acerrime

92 1689 124 1713 20
145 1671 295 1714 fuisses
316 1674 590 1726 persecutus?
619 1673 803 1715 audistis
824 1673 926 1725 qnia
948 1673 1109 1714 dietum
1130 1675 1208 1715 est.-
1229 1672 1379 1727 cliliyes
1394 1675 1641 1726 proximum

142 1743 261 1782 tunm
292 1745 327 1783 et
359 1742 452 1783 odio
484 1741 650 1783 habebis
680 1742 907 1782 inimicum
938 1744 1069 1782 tuum.
1109 1754 1179 1795 eqo
1210 1744 1349 1782 autem
1380 1742 1474 1783 dico
1506 1742 1644 1784 uobis:

144 1808 310 1863 diliyite
342 1810 538 1852 inimicos
568 1813 724 1852 uestros
754 1812 790 1850 et
811 1810 1036 1851 benedicite
1056 1809 1348 1851 maledicentes
1369 1823 1444 1851 uos
1468 1813 1504 1851 et
1525 1811 1643 1852 benc-

141 1877 272 1930 facite
304 1878 374 1932 eis,
409 1879 480 1931 qni
504 1881 784 1931 persecuntur
812 1891 900 1933 uos,
934 1881 971 1919 et
1002 1881 1117 1919 orate
1142 1891 1222 1930 pro
1255 1879 1326 1931 eis,
1360 1879 1433 1931 qui
1454 1891 1528 1921 uos
1540 1893 1642 1932 per-

141 1948 352 1997 secuntur,
384 1950 430 1988 ut
460 1947 556 1988 sitis
587 1947 671 2000 filii
695 1948 839 1999 patris
869 1947 1001 1988 uestri
1030 1948 1103 1999 qui
1124 1948 1252 1988 estin
1275 1947 1414 2003 caelis,
1448 1948 1521 2001 qni
1543 1948 1646 1990 solis

91 2031 122 2057 85
148 2016 264 2056 ortus
295 2014 454 2056 exhibet
484 2028 609 2068 super
638 2015 762 2057 bonos
800 2018 840 2057 et
877 2016 1010 2057 malos
1050 2019 1089 2057 et
1118 2015 1235 2069 pluit
1275 2029 1403 2069 super
1440 2017 1570 2058 iustos
1608 2020 1645 2058 et

140 2083 331 2126 iniustos,
363 2084 401 2124 si
431 2084 544 2125 enim
575 2084 809 2126 dilexeritis
839 2098 905 2126 eos
935 2085 1009 2138 qni
1039 2098 1115 2126 ‘uos
1145 2085 1344 2140 diliyunt,
1377 2098 1506 2138 quam
1530 2098 1640 2127 mer-

139 2151 274 2194 cedem
295 2152 528 2194 habebitis?
559 2166 698 2194 nonne
717 2155 755 2195 et
770 2153 995 2207 publicani
1019 2154 1079 2195 ita
1099 2153 1301 2206 faciunt?
1331 2159 1367 2195 et
1387 2154 1425 2195 si
1446 2153 1645 2195 salutatis

139 2221 297 2263 amicos
327 2224 486 2263 nestros
519 2224 701 2270 tantum,
733 2222 838 2275 qnid
864 2222 965 2275 plus
996 2222 1173 2275 facitis?
1219 2236 1358 2264 nonne
1396 2226 1433 2264 et
1460 2222 1634 2277 yentiles

279 2346 294 2379 1
322 2345 447 2381 Matth.
474 2347 507 2386 5,
533 2345 587 2381 21.
613 2346 657 2380 22
753 2347 794 2380 10
820 2346 866 2381 ib.
891 2348 924 2387 5,
951 2347 1005 2383 23.
1030 2348 1074 2381 24
1168 2347 1212 2381 20
1239 2347 1284 2382 ib.
1310 2349 1342 2383 5.
1370 2348 1505 2381 43—48

209 2437 222 2471 1
260 2448 303 2471 ne
342 2438 390 2472 Vr:
430 2438 542 2481 (quod
569 2449 640 2482 pro
673 2449 735 2472 nec
768 2451 844 2473 esse
881 2440 980 2482 falso
1008 2442 1184 2501 putatnt),
1223 2449 1336 2473 nonne
1372 2439 1429 2473 uel
1462 2449 1551 2472 anne
1587 2443 1642 2473 uel

139 2514 200 2538 nec
234 2506 327 2539 coni.
363 2505 590 2539 Gallandius
736 2506 757 2539 3
791 2507 878 2540 aerit
1019 2508 1038 2539 5
1072 2518 1149 2541 eum
1174 2507 1197 2550 (¹
1222 2518 1266 2542 m.
1291 2509 1376 2547 rec.)
1409 2509 1449 2551 V,
1475 2508 1506 2542 ei
1532 2520 1551 2543 v

140 2572 272 2607 fatuum
298 2574 446 2618 scripsi.
472 2574 569 2609 fatuo
602 2576 638 2620 V,
664 2575 760 2609 fatue
794 2576 824 2610 V
845 2587 888 2610 m.
913 2579 1042 2611 ree.‹et
1068 2588 1087 2611 i·
1181 2577 1202 2610 6
1229 2578 1291 2610 et¹'¹
1308 2581 1342 2594 '¹²⁶
1366 2578 1404 2618 (²u
1423 2580 1456 2593 '¹⁴‘
1485 2588 1527 2611 m.
1555 2586 1638 2613 rec.)

146 2643 184 2685 V,
210 2644 246 2677 et
270 2655 300 2683 r,
327 2646 363 2677 et
388 2646 426 2677 tu
451 2645 543 2678 coni.
573 2644 801 2679 Ganandias
940 2644 961 2679 8
986 2655 1040 2679 me
1065 2644 1203 2679 addidi
1344 2645 1385 2679 10
1410 2626 1550 2679 iusseris

143 2721 180 2755 11
209 2699 314 2757 abeas
409 2723 450 2758 13
476 2723 578 2758 offers
609 2725 642 2758 V
665 2725 726 2768 (cf.
754 2725 917 2759 Roensvh
948 2725 1010 2758 ΙΝ
1036 2727 1136 2767 294),
1162 2724 1248 2759 offer
1272 2736 1291 2757 r
1394 2725 1435 2759 16
1461 2725 1549 2759 aliut

139 2788 180 2823 21
201 2790 303 2825 hodio
322 2803 364 2827 m.
384 2795 403 2826 1
496 2791 540 2825 25
559 2792 674 2827 exibet
767 2793 810 2826 26
830 2776 929 2847 quem
947 2797 972 2833 ς·
990 2804 1034 2827 m.
1052 2795 1136 2835 rec.)
1231 2793 1274 2827 ‘27
1293 2793 1362 2827 ista
1381 2794 1552 2828 Salmtier

142 2846 185 2881 28
212 2849 340 2883 amicos
365 2852 398 2893 (a
423 2850 462 2883 in
489 2860 559 2884 ras.
591 2860 671 2894 sup.
699 2850 758 2886 ini)
