1934 3278
263 247 344 288 252
920 243 1117 277 Luciferi

262 385 347 412 non
379 371 613 421 cessabant,
659 371 846 412 docentes
886 372 922 410 et
952 369 1288 423 euanyelteantes
1326 369 1546 410 dominum
1577 372 1767 410 nostrum

261 439 401 480 Iesum
436 438 662 481 Christum.

317 507 408 548 XX.
444 507 549 549 Cum
580 508 683 548 haec
714 507 871 548 referat
902 506 1112 560 apostolos
1144 505 1291 547 beatos
1327 505 1462 559 egisse
1487 518 1607 547 sacra
1630 505 1764 559 scrip-

261 577 377 626 tura,
419 577 460 616 te
496 576 548 617 ad
579 575 819 628 negandum
853 575 919 616 dei
951 575 1084 615 filium
1118 574 1300 615 omnium
1331 574 1534 615 inuitante
1567 574 1694 616 corda
1728 575 1769 615 et

262 645 480 685 haeresem
512 644 629 684 tuam
661 643 829 684 firmare
857 644 958 684 satis
983 644 1131 696 agente
1154 643 1272 684 nobis
1297 643 1374 683 erit
1394 643 1620 684 tacendum
1641 655 1766 695 prae-

261 712 410 766 positis
452 712 517 753 dei
558 712 853 762 ecclesiarum,
897 725 947 753 ne
988 711 1191 752 uidelicet
1227 711 1305 752 tibi
1335 711 1593 764 blasphemo,
1629 711 1767 752 homi-

263 781 405 831 cidae,
449 780 699 822 destructori
734 780 800 821 dei
831 780 1045 834 religionis
1076 780 1339 821 inueniamur
1371 780 1660 821 contumeliosi
1693 792 1765 821 ex-

263 850 453 891 stitisse?
501 849 711 902 apostolos
749 850 934 902 loquitur
974 862 1093 890 sacra
1132 849 1337 902 scriptura
1377 861 1451 889 nec
1484 849 1662 890 uerbera
1692 861 1767 889 nec

262 919 395 960 minas
428 918 610 959 filiorum
642 918 905 971 pestilentiae
927 917 1130 968 timuisse‚
1165 917 1238 958 sed
1263 930 1425 970 semper
1449 917 1661 965 docuisse3
1694 930 1768 958 nos

263 987 414 1028 caduci
445 987 563 1040 regni
598 987 660 1027 tui
694 987 893 1027 decuerat
922 986 1058 1040 frangi
1089 986 1253 1040 uigore,
1303 999 1381 1039 quo
1420 987 1466 1026 tu
1508 999 1650 1028 omnes
1686 986 1766 1026 ini-

264 1068 365 1108 quos
397 1067 542 1108 posses
574 1056 669 1097 tuos
699 1056 873 1108 implere
905 1055 1107 1097 conatus?
1140 1055 1409 1096 contumaces
1443 1056 1713 1096 aestimamur
1746 1068 1770 1095 a

262 1126 326 1175 te,
371 1124 468 1178 quia
499 1137 599 1165 uera
629 1125 706 1167 tibi
741 1125 931 1165 dicantur
966 1137 988 1165 a
1019 1124 1149 1166 nobis.
1184 1124 1241 1165 sic
1277 1124 1317 1164 et
1350 1123 1678 1177 comblasphemi
1707 1123 1768 1164 tui

264 1193 522 1246 Stephanum
555 1193 846 1235 beatissimum
875 1191 1183 1242 iudicauerunt,
1218 1191 1315 1244 quia
1348 1192 1405 1232 eis
1440 1191 1620 1232 diceret:
1659 1192 1771 1233 dura

264 1264 425 1305 ceruice
458 1266 495 1304 et
525 1276 613 1304 non
644 1263 885 1304 circumcisi
916 1262 1034 1303 corde
1066 1264 1102 1302 et
1134 1261 1331 1311 auribus,
1375 1273 1449 1301 uos
1491 1274 1650 1313 semper
1680 1261 1769 1313 spi-

265 1332 373 1373 ritui
405 1335 548 1373 sancto
582 1331 810 1381 restitistis,
843 1331 951 1372 sicut
975 1332 1122 1382 patres
1153 1329 1298 1383 uestri,
1332 1332 1369 1370 ct
1402 1342 1487 1370 uos,
1519 1343 1639 1382 quem
1662 1343 1769 1382 pro-

255 1400 489 1453 phetarum
520 1414 607 1442 non
637 1403 737 1441 sunt
759 1399 972 1452 persecuti
997 1402 1143 1451 putres
1174 1398 1336 1439 uestri?
1369 1401 1405 1438 et
1437 1398 1678 1439 occiderunt
1707 1411 1771 1439 eos

262 1470 335 1522 qui
367 1469 685 1511 adnuntiabunt
715 1469 763 1510 de
787 1469 976 1510 aduentu
1007 1468 1123 1518 iusti,
1157 1468 1277 1509 cutus
1299 1479 1416 1507 nunc
1438 1479 1511 1508 uos
1534 1467 1771 1519 proditores

264 1540 306 1580 et
336 1538 620 1592 interfectores
649 1537 813 1590 fuistis,
855 1537 928 1590 qut
959 1536 1178 1588 accepistis
1218 1535 1342 1589 legem
1383 1536 1430 1575 in
1461 1535 1772 1576 orcltnationc.³2n

264 1607 512 1661 anyelorum
534 1610 571 1649 et
592 1620 676 1648 non
698 1606 949 1648 custodistis.
984 1606 1087 1647 haec
1111 1618 1206 1646 cum
1230 1605 1446 1646 audissent
1463 1604 1622 1654 Iudaei.r
1648 1604 1771 1657 digne

265 1676 360 1716 sunt
398 1675 596 1717 commoti
638 1675 783 1716 contra
822 1674 1134 1716 sanctissimum
1168 1673 1424 1726 Stephanum
1463 1674 1689 1728 martyrem
1722 1687 1772 1714 an

263 1744 464 1798 indigne?
498 1745 532 1785 si
563 1744 747 1797 indigne,
780 1744 926 1797 utique
950 1745 991 1785 et
1011 1744 1053 1784 te
1075 1743 1245 1796 indigne
1267 1743 1424 1796 inspice
1447 1743 1606 1785 moueri
1628 1744 1773 1784 contra

266 1826 335 1855 eos
367 1813 437 1866 qui
468 1814 510 1854 te
543 1813 707 1854 saluum
739 1813 882 1854 uelint.
919 1812 1091 1853 aduerte
1124 1812 1164 1853 in
1198 1825 1248 1853 ea
1278 1812 1319 1852 te
1351 1813 1469 1865 parte
1494 1813 1604 1854 stare
1628 1813 1773 1853 contra

266 1882 332 1923 dei
366 1882 614 1932 ecclesiam,
662 1882 701 1922 in
737 1895 819 1935 qua
852 1882 893 1922 et
922 1882 1019 1922 tunc
1063 1881 1255 1922 steterint
1288 1881 1329 1922 et
1359 1893 1465 1922 nunc
1500 1883 1596 1922 sunt
1625 1882 1772 1922 Iudaei

265 1951 448 2000 stantes,
491 1950 548 1991 sic
582 1951 623 1991 te
658 1963 749 1991 esse
783 1950 910 1991 durae
943 1950 1142 2000 ceruicis,
1185 1949 1242 1990 sic
1276 1949 1615 1991 incircumcisum
1647 1950 1771 1991 corde

267 2020 309 2059 et
342 2019 532 2066 auribus3
565 2018 661 2059 inde
696 2019 759 2059 est
791 2018 914 2072 quod,
949 2018 1059 2059 sicut
1088 2018 1150 2059 illi
1183 2018 1402 2059 audientes
1424 2031 1525 2059 uera
1546 2031 1625 2059 non
1650 2019 1771 2060 susti—

262 2087 447 2137 nuerint,
494 2087 569 2128 sed
603 2087 655 2128 ad
688 2099 833 2128 necem
867 2086 933 2128 dei
966 2087 1139 2128 cultoris
1169 2087 1444 2140 prosilierint,
1479 2088 1535 2129 sis
1570 2088 1696 2129 etiam
1726 2089 1772 2129 tu

261 2156 480 2208 prosiliens
528 2155 580 2196 ad
619 2157 803 2197 nostram
849 2156 1012 2209 integra
1060 2157 1100 2197 et
1145 2156 1369 2197 manifesta
1413 2157 1489 2198 tibi
1538 2156 1765 2198 dicentium

263 2237 421 2266 necem.
475 2239 567 2266 cum
600 2229 740 2266 autem
771 2224 872 2267 haec
904 2226 1140 2279 audissent,
1186 2225 1321 2279 inquit
1364 2225 1505 2266 diuina
1548 2226 1765 2278 scriptura,

261 2294 496 2347 fremebant
524 2295 571 2335 in
602 2293 795 2335 cordibus
825 2294 925 2343 suis,
959 2296 997 2334 et
1026 2293 1258 2335 stridebo-nt
1290 2293 1482 2335 dentibus
1513 2295 1560 2334 in
1586 2307 1691 2345 eunt,
1728 2293 1769 2334 et

262 2363 387 2403 infra:
421 2362 651 2404 clamantes
684 2365 823 2404 autem
854 2375 953 2404 uoce
974 2376 1147 2416 ncuyna,
1184 2365 1504 2414 conpresserunt
1526 2375 1652 2403 aures
1673 2375 1774 2403 suas

262 2435 298 2472 et
330 2432 530 2484 impetum
562 2431 751 2484 fecerunt
779 2445 864 2472 uno
887 2432 1031 2472 animo
1054 2433 1102 2472 in
1123 2444 1228 2485 eum,
1262 2434 1297 2471 et
1320 2431 1490 2471 eiectum
1517 2435 1637 2471 extra
1661 2431 1769 2472 ciui-

398 2556 439 2589 13
466 2557 542 2590 Act.
570 2557 601 2597 7,
629 2556 764 2590 51--53
860 2556 903 2590 28
928 2556 975 2590 ib.
1004 2557 1034 2597 7,
1063 2557 1105 2590 54
1200 2556 1243 2589 30
1269 2556 1315 2590 ib.
1343 2557 1374 2595 7,
1401 2556 1454 2591 57.
1482 2557 1525 2590 58

330 2673 350 2704 4
376 2669 551 2703 inuitantc
579 2670 726 2714 scripsi,
752 2670 964 2705 inuitantem
995 2671 1045 2706 Vv
1175 2671 1194 2703 5
1221 2671 1471 2714 satisagentem
1501 2683 1517 2705 z·
1647 2672 1666 2706 8
1695 2682 1765 2716 apo

262 2722 369 2793 Stolos
397 2742 420 2779 (Ρ
448 2751 488 2772 m.
509 2739 588 2781 alt.)
686 2739 724 2772 11
746 2741 889 2773 conatos
985 2739 1027 2773 13
1046 2739 1244 2774 sthefanum
1340 2740 1381 2774 18
1401 2741 1479 2783 quia
1499 2741 1640 2784 cepistis
1662 2753 1679 2775 v

261 2796 303 2829 ‘24
329 2798 364 2829 te
393 2799 423 2836 (e
449 2795 489 2828 in
514 2805 606 2838 ras.)
715 2797 757 2830 27
785 2797 958 2840 integrali]
987 2810 1021 2841 c,
1048 2798 1146 2832 unde
1171 2798 1343 2841 integram
1370 2800 1404 2831 et
1429 2798 1651 2833 manifestam
1679 2800 1771 2834 mole

261 2857 428 2898 fecerunt
454 2852 726 2896 Laydunenses
821 2855 864 2889 28
890 2855 1046 2889 audisset
1072 2855 1191 2899 inquid
1286 2855 1326 2889 31
1355 2855 1499 2889 ciuitate

1789 1000 1820 1025 10

1792 1342 1822 1367 15

1792 1692 1824 1716 20

1792 2034 1823 2060 25

1792 2376 1825 2400 30
