1934 3278
289 214 371 256 144
945 211 1146 245 Luciferi

292 352 414 393 quem
462 338 710 380 calcandum
749 337 906 390 putasti
945 337 1081 378 modis
1124 337 1326 379 omnibus.
1374 337 1451 378 nisi
1492 338 1790 390 paenitentiam

292 408 498 448 malorum
536 407 741 448 factorum
782 406 938 459 egeris,
985 406 1063 447 nisi
1109 406 1202 447 uias
1237 407 1333 446 tuas
1373 406 1553 447 nefarias
1594 406 1790 448 deserens

290 475 459 516 sanctae
484 475 687 517 ecclesiae
709 474 866 515 iustum
891 473 970 514 iter
993 473 1370 526 conprehenderis?
1400 474 1498 514 bunc
1522 474 1664 526 utique
1687 475 1789 515 haec

291 544 496 597 promissa
528 544 593 585 dei
625 543 823 595 consequi
853 542 1020 595 poteris.
1056 542 1257 595 scriptum
1281 543 1344 583 est
1377 543 1483 583 enim
1515 543 1682 595 propter
1706 555 1788 586 eos,

292 613 361 666 qui
393 613 517 654 eorde
552 625 599 654 ex
629 613 716 654 toto
751 624 842 653 sese
878 611 929 652 ad
964 612 1086 652 deum
1118 611 1418 652 conuerterint:
1463 610 1562 653 haee
1593 611 1697 652 dicit
1728 625 1791 653 ex·

292 682 425 724 celsus
456 683 504 723 in
534 681 705 723 eoecelsis
735 680 945 733 habitans,
985 681 1034 720 in
1074 682 1290 722 aeternum
1330 682 1502 721 sanctus
1540 680 1588 720 in
1618 680 1790 722 sanetis.

289 763 439 793 nomen
470 752 507 792 ei
537 751 732 793 dominus
762 751 996 792 altissimus
1017 751 1065 791 in
1084 750 1244 792 sanetis
1265 750 1535 803 requiescens,
1569 752 1607 791 et
1621 749 1791 802 pusilli-

293 820 452 862 animis
473 820 584 862 dans
605 821 776 861 animae
798 820 1050 872 aequitatem
1070 824 1106 860 et
1122 819 1233 860 dans
1248 819 1484 860 uindictam
1500 819 1794 860 contribulatis

294 889 426 932 corde.
458 902 544 930 non
574 890 622 930 in
653 892 870 930 aeternum
901 889 1070 930 irascar
1099 889 1214 929 uobis
1254 901 1326 929 nec
1365 901 1525 940 semper
1554 887 1788 929 uindictam

290 958 340 999 de
370 957 487 999 uobis
518 960 696 1012 exiyam.
759 959 837 1000 sed
867 957 1016 1011 quibus
1056 958 1131 998 hoc
1167 957 1296 998 dicit?
1342 969 1488 1009 nempe
1532 956 1602 998 eis.
1646 956 1714 1009 qui
1747 968 1791 997 se
1813 970 1849 994 ιο,

292 1026 574 1068 conuerterint
604 1039 677 1079 per
709 1027 1037 1069 satisfactionem
1072 1028 1122 1068 ad
1157 1028 1312 1069 delicta
1344 1039 1418 1069 sua
1452 1026 1641 1068 delenda.
1683 1026 1792 1067 unde

295 1095 348 1145 et,
391 1109 478 1137 non
511 1095 593 1137 tale
623 1097 837 1137 ieiunium
867 1097 979 1151 eleyi,
1014 1096 1116 1137 dicit
1148 1096 1350 1146 dominus,
1390 1097 1458 1138 sed
1489 1095 1601 1137 solue
1632 1108 1791 1136 omnem

291 1164 447 1205 nodum
469 1164 726 1219 iniquitatis,
760 1165 831 1206 sed
853 1165 962 1206 solue
983 1165 1253 1219 obligationes
1284 1165 1568 1206 uiolentorum
1600 1168 1789 1206 contrac-

291 1235 427 1274 torum
435 1245 451 1284 ‚·
483 1233 643 1275 dimitte
666 1233 899 1285 confractos
929 1234 978 1275 in
996 1234 1279 1275 remissionem
1303 1237 1340 1275 et
1362 1247 1526 1275 omnem
1548 1233 1792 1286 conscripti-

291 1314 408 1343 onem
447 1302 644 1354 iniquam
683 1302 911 1354 disrumpe.
971 1303 1123 1356 franye
1167 1304 1369 1345 esurienti
1401 1316 1562 1356 panem
1598 1306 1715 1344 tuum
1757 1305 1795 1344 et
1815 1315 1852 1338 ιεΊ

285 1383 492 1423 pauperes
523 1371 595 1423 qui
626 1371 718 1412 sine
749 1373 849 1412 tecto
882 1374 980 1412 sunt
1001 1372 1131 1414 induc
1151 1373 1199 1412 in
1220 1373 1390 1413 domum
1411 1375 1541 1414 tuam.
1574 1372 1613 1412 si
1635 1372 1793 1413 uideris

290 1439 464 1493 nudum,
497 1440 612 1492 operi
643 1443 680 1481 et
711 1440 948 1481 domesticos
986 1441 1162 1481 seminis
1201 1441 1264 1481 tui
1303 1454 1386 1482 non
1417 1441 1630 1493 despicies.
1691 1444 1793 1483 tunc

292 1507 450 1548 orietur
480 1507 792 1563 ma<tu>tinum
825 1508 966 1550 lumen
997 1512 1117 1550 tuum
1147 1512 1183 1550 et
1212 1510 1380 1550 sanitas
1412 1513 1488 1550 tua
1509 1510 1588 1551 cito
1620 1510 1791 1559 orietur,

291 1578 330 1616 et
350 1578 576 1628 praecedet
612 1580 709 1618 ante
748 1580 786 1618 te
826 1578 995 1618 iustitia
1035 1581 1070 1619 et
1110 1579 1306 1619 maiestas
1336 1579 1402 1620 dei
1433 1578 1711 1620 circumdabit
1742 1582 1790 1622 te.

291 1648 390 1686 tune
416 1645 633 1695 elamabis,
666 1649 702 1686 et
723 1647 823 1687 deus
845 1647 1042 1688 exaudiet
1062 1650 1110 1697 te,
1143 1650 1179 1688 et
1200 1647 1337 1689 adhuc
1359 1647 1544 1700 loquenti
1563 1647 1640 1688 tibi
1661 1647 1794 1688 dicet:
1813 1658 1846 1681 2⁴³

289 1725 373 1756 ecce
402 1714 566 1757 adsum.

347 1783 607 1824 XXXXIIII.
632 1783 780 1825 Aderit
795 1784 872 1826 ‘cibi
892 1784 1007 1827 deus.
1032 1784 1066 1825 si
1086 1785 1217 1838 primo
1236 1785 1385 1827 credas
1402 1786 1442 1826 in
1462 1799 1569 1828 eum.
1587 1786 1621 1827 si
1643 1786 1793 1828 deinde

294 1851 345 1891 ad
377 1852 479 1892 haec
519 1852 696 1893 uerteris
735 1853 867 1894 ‘semet
906 1866 1011 1906 quae
1054 1854 1179 1895 etiam
1210 1854 1317 1895 infra
1350 1854 1452 1895 dicit
1482 1854 1714 1907 implenda:
1757 1856 1794 1896 si

293 1921 465 1973 auferas
495 1935 522 1961 a
553 1924 588 1962 te
618 1922 839 1963 uinculum
878 1922 1124 1976 iniquitatis
1165 1927 1200 1964 et
1239 1924 1508 1977 obliyationis
1546 1926 1584 1964 et
1620 1923 1790 1964 uerbum

293 1990 648 2031 murmurationis
679 1993 716 2031 et
747 1991 910 2032 dederis
940 1992 1143 2034 esurienti
1167 2006 1328 2045 panemv
1360 1995 1479 2033 tuum
1511 2006 1560 2034 ex
1583 1993 1725 2033 animo
1757 1995 1795 2033 et
1813 1999 1849 2024 2⁵

295 2059 486 2099 animam
516 2058 791 2100 humiliatam
811 2061 1055 2111 satiaueris,
1087 2064 1187 2102 tunc
1209 2062 1366 2102 orietur
1386 2062 1434 2102 in
1455 2061 1632 2103 tenebris
1654 2061 1790 2102 lumen

295 2127 381 2175 tibi,
415 2131 452 2168 et
482 2127 670 2169 tenebrae
703 2129 780 2170 tibi
811 2132 858 2170 ut
878 2130 1075 2172 meridies
1096 2133 1231 2171 erunt.
1265 2133 1301 2171 et
1323 2131 1402 2171 erit
1423 2130 1524 2171 deus
1546 2133 1641 2170 tuus
1662 2133 1791 2171 tecum

296 2209 467 2250 semper,
517 2199 555 2237 et
592 2198 811 2249 repleberis
849 2199 958 2240 sicut
997 2199 1209 2241 desiderat
1252 2199 1403 2240 anima
1443 2202 1529 2254 tua,
1578 2201 1615 2239 et
1652 2198 1791 2239 omnia

295 2278 389 2307 ossa
419 2269 496 2306 tua
518 2266 808 2319 pinquescent,
841 2271 877 2308 et
908 2271 1032 2309 erunt
1062 2268 1169 2310 sieut
1190 2267 1333 2308 hortus
1354 2268 1491 2309 ebrius
1512 2271 1547 2308 et
1567 2267 1677 2309 sicut
1696 2267 1794 2319 fons

296 2335 364 2376 cui
400 2348 485 2376 non
525 2334 665 2387 deficit
702 2349 826 2388 aqua.
889 2337 1007 2378 haec.
1054 2337 1102 2377 ut
1144 2337 1227 2377 iam
1270 2336 1427 2378 dictum
1468 2336 1543 2378 est.
1592 2334 1792 2387 consequi
1811 2340 1844 2365 30

296 2404 463 2457 poteris,
499 2404 531 2445 si
562 2404 603 2446 te
639 2404 690 2445 ad
724 2405 946 2447 ecclesiam
981 2405 1182 2455 conseras,
1218 2405 1251 2446 si
1284 2405 1521 2447 coam-ianos
1551 2404 1645 2445 tuos
1666 2403 1792 2445 uites.

434 2586 453 2617 5
478 2585 534 2619 Es.
561 2586 615 2620 57.
643 2586 695 2620 15.
721 2586 764 2619 16
858 2585 900 2619 12
925 2584 971 2619 ib.
998 2585 1052 2625 58,
1078 2586 1167 2619 6-{2
1260 2585 1303 2618 23
1329 2584 1376 2619 ib.
1401 2584 1455 2619 58.
1482 2585 1590 2618 9—11

368 2756 385 2788 7
410 2755 640 2799 pusillanimis
669 2768 686 2788 ν
796 2755 816 2789 8
843 2755 1151 2799 animaequitatem
1261 2755 1303 2789 10
1330 2756 1401 2788 eius
1429 2767 1470 2789 m.
1497 2759 1515 2789 1
1627 2755 1669 2789 18
1693 2755 1793 2788 mati—

297 2824 377 2846 num
472 2812 514 2845 22
540 2813 587 2866 sie
681 2813 723 2846 27
749 2812 914 2847 meridiae
946 2814 984 2857 V,
1011 2825 1072 2848 em.
1102 2825 1118 2847 v
1212 2813 1254 2847 30
1281 2811 1409 2847 defecit
1436 2824 1452 2845 ².-
