1934 3278
282 237 336 278 96
938 239 1134 273 Luciferi

277 369 446 418 ponant
458 381 470 417 ,·
491 369 527 407 et
549 379 618 418 eyo
638 366 798 418 faciam
819 364 963 406 bouem
986 365 1179 420 alterum,
1214 369 1250 407 et
1275 366 1411 420 iynem
1432 380 1519 407 non
1539 368 1781 420 subponam.

281 438 318 476 et
349 435 529 476 clamate
559 435 608 475 in
639 434 810 475 nomine
848 433 1017 474 deorum
1054 436 1303 486 uestrorum,
1345 437 1385 475 et
1414 448 1484 488 eqo
1516 435 1704 478 clamabo
1735 438 1783 478 in

282 503 450 544 nomine
480 502 548 543 dei
578 503 674 554 mei,
707 504 743 543 et
768 501 849 542 erit
877 500 945 542 hic
975 501 1076 542 deus
1097 503 1345 555 quicumque
1366 503 1603 545 exaudierit
1633 518 1710 546 nos
1734 506 1782 547 in

279 572 388 625 iqne,
421 571 487 612 hic
518 571 597 612 erit
627 570 741 611 deus.
775 572 814 611 et
842 570 1057 622 respondit
1086 572 1220 611 omnis
1242 571 1448 623 populus,
1491 574 1529 612 et
1559 572 1782 616 dixerunt:

279 640 432 681 bonum
461 640 634 681 uerbum
665 639 782 691 ‘quod
820 638 981 680 locutu-s
1020 642 1077 680 est
1107 639 1273 681 Helias.
1334 642 1373 681 et
1401 640 1512 681 dixit
1542 640 1695 682 Helias
1726 643 1781 684 ad
1818 656 1834 681 5

274 708 502 761 prophetas
533 708 826 760 confusionis:
872 707 1010 762 eliyite
1048 708 1166 749 uobis
1204 708 1389 749 uitulum
1419 723 1555 750 unum
1586 713 1622 751 et
1651 710 1780 762 facite

272 777 449 828 priores,
482 777 685 830 quoniam
706 789 781 817 uos
802 776 927 817 multi
947 777 1057 830 estis,
1090 779 1127 817 et
1148 776 1326 818 clamate
1348 778 1396 818 in
1417 778 1587 819 nomine
1608 779 1780 820 deorum

280 849 525 899 uestrorum,
558 848 594 886 et
624 845 764 898 iynem
794 844 921 886 nolite
951 858 1198 897 supponere.
1251 848 1288 886 et
1320 849 1569 898 acceperunt
1593 847 1778 888 uitulum

275 918 311 955 et
341 915 538 967 fecerunt,
577 917 614 955 et
643 914 903 955 inuocabant
934 914 981 955 in
1012 914 1183 955 nomine
1204 913 1326 955 Baal
1356 928 1384 955 a
1414 928 1538 955 mane
1568 928 1697 967 usque
1721 916 1777 956 ad

276 995 506 1035 uesperam,
539 986 575 1024 et
605 982 820 1025 dicebant.-
850 983 1120 1033 exaudinos,
1153 982 1288 1035 Baal,
1322 983 1479 1024 exaudi
1510 996 1599 1026 nos.
1634 988 1670 1025 et
1692 998 1776 1025 non
1800 998 1830 1022 10

272 1053 362 1104 fuit
397 1053 492 1093 istis
528 1065 611 1093 uox
655 1065 787 1104 neque
824 1051 1004 1093 auditio.
1066 1055 1102 1092 et
1140 1053 1342 1104 apposuit
1378 1052 1530 1094 Helias
1571 1052 1779 1097 Thesbites

273 1121 436 1162 dicens:
481 1121 678 1161 inuocate
715 1121 764 1161 in
793 1134 889 1162 uoce
920 1134 1079 1174 mayna
1105 1122 1285 1175 pariter,
1333 1134 1385 1162 ne
1414 1122 1523 1175 forte
1553 1126 1777 1175 occupatus

273 1191 328 1231 sit
357 1189 424 1231 uel
463 1190 647 1231 dormiat
686 1190 788 1242 ipse,
828 1192 864 1230 et
903 1189 1187 1231 suscitabitur.
1249 1193 1286 1230 et
1324 1189 1448 1231 illum
1488 1191 1699 1232 uocabant
1728 1193 1777 1233 in

272 1272 412 1300 uocem
442 1272 656 1312 maynam,
688 1261 723 1299 et
754 1258 949 1299 secabant
979 1271 1021 1299 se
1042 1258 1269 1299 secundum
1291 1259 1631 1300 consuetudinem
1653 1273 1775 1301 suam

270 1327 429 1380 ‚cladiis
460 1330 497 1368 et
527 1326 752 1368 nouaculis
782 1339 910 1379 usque
940 1327 997 1367 ad
1028 1327 1273 1378 effusionem
1306 1328 1532 1381 sanyuinis
1564 1341 1688 1381 super
1719 1342 1772 1384 se,
1796 1339 1828 1364 15

272 1400 310 1437 et
332 1395 650 1449 prophetabant
678 1408 806 1447 usque
836 1395 937 1436 dum
968 1395 1173 1436 transiret
1203 1395 1412 1436 meridies.
1456 1399 1492 1436 et
1522 1395 1686 1447 factum
1717 1400 1776 1438 est

271 1465 472 1517 quomodo
502 1468 664 1517 tempus
694 1467 785 1505 erat
814 1467 861 1505 ut
892 1464 1130 1505 accenderet
1162 1464 1431 1517 sacrificium,
1465 1468 1501 1505 et
1533 1465 1693 1506 locutus
1716 1469 1774 1507 est

271 1534 422 1574 Helias
449 1533 658 1575 Thesbites
689 1533 745 1574 ad
771 1532 1001 1584 prophetas
1031 1533 1198 1574 dicens:
1229 1534 1423 1575 discedite
1453 1535 1612 1588 amodo,
1645 1538 1682 1576 et
1703 1549 1773 1587 eqo

267 1603 431 1656 faciam
461 1602 832 1644 holocaustomata.
894 1605 931 1643 et
962 1602 1242 1643 discesserunt
1270 1605 1307 1643 et
1339 1602 1546 1645 abierunt.
1598 1606 1634 1644 et
1666 1604 1775 1644 dixit

270 1672 421 1713 Helias
456 1672 513 1713 ad
538 1671 768 1724 populum:
814 1670 990 1712 accedite
1027 1671 1083 1711 ad
1121 1684 1196 1711 me.
1257 1674 1294 1712 et
1333 1674 1595 1712 accesserunt
1633 1685 1773 1713 omnes
1792 1679 1825 1704 2⁰

263 1741 417 1793 populi
447 1740 503 1781 ad
534 1753 640 1792 eum,
673 1742 712 1781 et
741 1740 899 1792 accepit
929 1739 1084 1781 Helias
1113 1739 1329 1781 duodecim
1360 1740 1522 1792 lapides
1542 1741 1771 1782 secundum

269 1822 491 1851 numerum
529 1809 662 1849 tribus
702 1808 859 1862 Israel,
907 1809 1014 1849 sicut
1053 1808 1212 1848 locutus
1254 1811 1313 1849 est
1351 1808 1547 1850 dominus
1584 1809 1641 1850 ad
1679 1823 1771 1850 eum

268 1879 436 1920 dicens:
481 1877 619 1919 Israel
668 1877 748 1918 erit
785 1889 936 1917 nomen
974 1879 1104 1917 tuum.
1168 1879 1206 1916 et
1244 1876 1489 1929 aedificauit
1531 1877 1694 1929 lapides
1734 1881 1773 1919 et

270 1948 453 1989 restituit
473 1947 611 1987 altare
632 1945 810 1999 domini,
834 1944 943 1997 quod
961 1944 1217 1996 dissipatum
1234 1944 1389 1998 fuerat,
1411 1948 1448 1985 et
1468 1945 1567 1997 fecit
1585 1945 1768 2001 foueam,

266 2030 372 2070 quae
402 2019 564 2069 caperet
585 2015 693 2056 duas
722 2016 916 2055 metretas
945 2013 1180 2068 sem<in>is
1209 2014 1259 2054 in
1286 2026 1388 2067 yyro
1418 2013 1573 2054 altaris
1603 2017 1642 2055 et
1670 2027 1768 2056 eon-
1789 2023 1822 2048 25

265 2085 446 2138 stipauit
477 2085 611 2125 scieas
644 2097 769 2137 super
799 2083 936 2124 altare
967 2083 1074 2135 quod
1103 2082 1213 2135 fecit,
1255 2085 1293 2124 et
1322 2082 1624 2124 demembrauit
1654 2083 1768 2125 holo-

265 2156 458 2195 caustum
488 2156 525 2194 et
554 2153 743 2205 inposuit
771 2152 929 2194 scizam
961 2154 997 2193 et
1027 2151 1212 2204 stipauit
1240 2164 1366 2204 super
1389 2151 1540 2201 altare,
1573 2154 1611 2192 et
1630 2152 1769 2193 dixit:

266 2223 441 2275 accipite
472 2221 578 2262 mihi
610 2224 791 2273 quatuor
821 2220 998 2273 hydrias
1030 2234 1164 2272 aquae
1194 2222 1230 2260 et
1261 2220 1463 2271 effundite
1501 2233 1627 2272 super
1656 2220 1768 2261 holo-

267 2294 460 2332 caustum
490 2293 528 2331 et
557 2303 684 2342 super
712 2290 881 2330 scizam.
916 2292 952 2330 et
984 2289 1116 2330 dixit:
1146 2290 1297 2329 iterum
1327 2289 1500 2342 adferte.
1548 2292 1583 2330 et
1613 2290 1766 2331 iterum

267 2359 525 2400 adtulerunt.
585 2362 621 2399 et
652 2358 783 2400 dixit:
822 2358 988 2410 repetite
1020 2358 1152 2400 tertio„
1211 2361 1246 2398 ct
1278 2359 1531 2410 repetierunt
1562 2358 1697 2410 tertio,
1731 2362 1766 2399 et
1786 2365 1821 2389 30

264 2429 467 2469 manabat
505 2441 619 2480 aqua
657 2429 705 2468 in
737 2428 915 2468 circuitu
954 2427 1151 2479 sacrarii,
1201 2430 1236 2467 et
1275 2428 1444 2479 foueam
1482 2426 1764 2478 impleueruut

265 2511 391 2549 aqua.
451 2502 486 2537 et
518 2496 722 2537 clamauit
754 2495 904 2537 Helias
934 2496 981 2536 in
1012 2495 1175 2536 caelum
1206 2498 1244 2535 et
1273 2495 1405 2536 dixit:
1436 2495 1633 2535 dominus
1664 2495 1764 2535 deus

265 2565 484 2605 Abraham
514 2567 552 2605 et
583 2564 711 2606 Isaac
742 2568 777 2605 et
809 2564 960 2612 Israel,
1002 2563 1158 2604 exaudi
1188 2577 1263 2615 me,
1303 2562 1484 2616 dominc,
1517 2563 1672 2603 exaudi
1703 2577 1765 2604 me

334 2737 349 2769 1
371 2735 516 2769 alteram
612 2735 653 2768 10
671 2745 851 2778 uesperum
947 2735 987 2767 14
1006 2744 1088 2768 uoce
1106 2744 1233 2777 magna
1254 2745 1270 2766 ιτ
1366 2734 1406 2765 17
1427 2733 1607 2776 quomodo]
1628 2732 1763 2776 quando

261 2795 349 2837 fort.
445 2791 647 2825 ascenderet
674 2792 863 2835 Sabatierg
889 2791 1068 2835 ἀναβῆναι
1086 2790 1151 2834 τὴν
1167 2791 1302 2823 θυσίαν
1328 2790 1441 2823 LXX
1539 2790 1580 2823 18
1606 2794 1692 2823 ante
1718 2790 1762 2823 ad

262 2861 337 2884 ras.
365 2853 454 2883 4-,5
482 2849 551 2882 litt.
646 2848 688 2881 ‘20
715 2848 863 2882 accidite
959 2848 1002 2881 25
1028 2848 1168 2882 seminis
1195 2847 1390 2883 Latinius.
1417 2848 1519 2880 semis
1554 2848 1602 2880 Vv
