1934 3278
576 205 806 239 uerborum
832 208 875 240 et
899 205 1188 240 locutionum.

145 332 185 364 A.
213 330 290 365 760.
338 330 503 365 uniuersa
528 356 536 364 .
555 356 563 364 .
589 329 679 374 legis
703 331 744 365 A.
771 331 848 366 956.

144 375 292 410 subdita
305 377 419 410 terrae
434 376 474 410 A.
488 376 543 411 98.
561 375 598 410 in
613 375 713 410 illius
727 380 850 411 sancta

145 432 319 456 moremur
345 422 385 456 A.
411 421 487 457 205.
522 421 633 456 fortia
657 422 782 456 mortis
808 423 849 455 A.

145 467 223 502 316.
264 467 392 501 intima
417 466 531 502 cordis
556 467 679 511 iniqua
702 468 745 502 A.
770 467 848 502 679.

147 523 215 548 non
251 513 383 547 durant
415 523 596 548 seruorum
634 512 722 547 talia
762 513 850 547 ferre

147 560 185 594 A.
215 559 292 594 755.
320 559 454 602 partita
480 559 633 593 locorum
653 558 694 592 A.
712 558 789 593 926.
806 578 852 584 —-

142 604 178 649 β)
202 605 280 639 sine
305 604 496 650 genetiuo:
522 604 689 645 extincta,
708 604 849 638 aureaI

143 650 199 692 34,
226 650 278 684 14.
304 649 480 693 genitalia
506 652 684 694 (peccata)
710 649 748 684 ΙΙ
765 650 798 690 5,
817 651 850 684 8.

146 699 291 740 expecta
305 696 463 740 requiem
473 695 673 730 futurorum
685 696 741 738 (=
751 696 851 730 uitae

143 742 305 784 futurae)
332 741 371 776 ῙΙ
397 741 450 783 17,
475 740 530 775 20.
581 741 636 775 uis
670 740 761 775 bona
792 741 849 786 (.—.-.

143 788 368 830 felicitatem)
394 787 515 821 uidere
533 786 571 821 ΙΙ
590 786 643 828 15,
661 786 694 820 7.
732 797 850 820 saecu-

148 833 236 866 laria
273 832 309 867 11
343 832 386 867 16
419 833 526 867 inser.
560 831 615 873 28,
641 833 673 867 6.
706 832 748 866 A.
773 833 851 867 585.

148 879 227 913 613.
254 878 419 922 perennia
436 880 478 913 A.
495 878 551 912 89.
576 881 655 912 tota
680 877 698 912 1
723 878 850 919 37,15.

148 926 188 959 A.
224 924 301 959 133.
338 923 417 959 523.
467 923 682 967 tempestiua
719 926 760 957 A.
796 924 851 958 65.

147 970 333 1014 primitiua
352 971 391 1005 A.
406 969 484 1004 252.
512 980 603 1003 uana
619 970 662 1004 A.
674 969 753 1004 466.
773 969 851 1004 526.

147 1018 241 1050 iusta
266 1030 308 1044 =
334 1025 441 1050 sacra
473 1016 516 1049 A.
538 1015 617 1050 489.
665 1017 729 1049 tua
753 1015 771 1050 Ι
796 1015 851 1055 27,

149 1063 201 1096 16.
226 1061 398 1095 sufferens
424 1063 527 1094 tanto
544 1063 703 1104 tempore
730 1064 850 1095 uestra

148 1107 183 1142 ΙΙ
210 1107 242 1150 2,
268 1108 301 1141 5.
335 1107 423 1141 facit
447 1105 612 1141 heredem
640 1118 782 1140 suorum
808 1107 848 1141 A.

147 1153 224 1187 723.
266 1152 302 1186 in
330 1163 392 1187 sua
419 1155 621 1189 uenturum,
639 1152 783 1196 propria
808 1153 849 1185 A.

145 1198 222 1233 228.
271 1197 316 1232 ad
349 1209 412 1232 sua
446 1200 630 1232 recurrunt
661 1198 699 1232 II
736 1198 787 1240 13,
818 1199 851 1231 2.

147 1244 294 1279 transiit
326 1244 370 1278 ad
396 1246 517 1277 nostra
548 1243 585 1278 II
614 1244 643 1284 1,
669 1244 723 1278 32.
772 1246 852 1288 post

147 1290 218 1324 ista
250 1304 292 1320 =
324 1293 405 1334 post
428 1289 522 1323 hanc
547 1289 664 1323 uitam
697 1289 713 1323 I
738 1289 793 1332 29,
818 1290 851 1324 3.

149 1338 291 1380 propter
323 1335 494 1369 salutaria
525 1338 643 1368 uestra
680 1334 716 1369 II
751 1336 782 1376 5,
816 1336 850 1369 2.

148 1382 184 1415 in
210 1392 373 1425 suprema
397 1381 497 1415 ardes
534 1380 572 1415 11
603 1381 658 1424 23,
688 1382 739 1415 13.
789 1392 850 1424 per

146 1428 284 1462 occulta
308 1428 349 1462 A.
365 1428 444 1461 316.
483 1427 642 1471 gaudent
669 1427 704 1459 in
732 1426 852 1460 breuia

146 1475 187 1507 A.
212 1473 289 1507 606.
329 1473 366 1506 in
393 1472 568 1516 prosperis
594 1472 611 1506 I
637 1472 692 1513 30,
720 1473 771 1506 18.
814 1473 848 1506 in

148 1518 264 1563 nigris
297 1519 386 1552 exire
422 1517 460 1552 11
493 1518 549 1561 32,
580 1518 612 1552 2.
661 1518 697 1551 in
722 1517 808 1552 altis
834 1517 849 1552 1

146 1565 203 1606 22,
228 1564 259 1598 9.
286 1566 328 1598 A.
355 1564 407 1598 13.
432 1564 511 1598 578.
537 1563 676 1608 plangis
703 1563 739 1597 in
768 1564 849 1598 imis

147 1610 164 1644 Ι
189 1611 245 1652 21,
275 1610 323 1643 10.
349 1612 390 1643 A.
419 1610 518 1644 1048.
556 1610 673 1643 uritur
698 1609 742 1642 ab
769 1610 849 1643 imis

145 1657 240 1690 terra
265 1655 302 1690 11
327 1655 359 1696 4,
387 1655 416 1689 7.
459 1657 591 1690 terreat
618 1654 658 1688 in
689 1655 850 1699 primis

146 1702 199 1744 (=
223 1702 360 1745 primo)
393 1703 429 1735 et
462 1704 616 1745 postea
648 1701 750 1735 melle
775 1712 850 1745 per-

148 1750 261 1791 ungat
278 1746 316 1782 II
334 1748 388 1788 28,
406 1748 438 1781 4.
463 1746 550 1791 quid
562 1746 658 1780 Deus
673 1746 708 1779 in
727 1747 851 1790 primis

149 1817 156 1824 .
176 1819 184 1827 .
210 1792 304 1834 fecit,
331 1793 399 1827 iam
425 1792 562 1837 Moyses
579 1791 720 1826 edocuit
737 1794 777 1827 A.
796 1792 850 1826 59.

145 1857 191 1864 —
207 1838 238 1879 b)
258 1849 357 1873 num.
375 1839 464 1883 sinq.
491 1841 526 1881 α)
545 1837 734 1873 accedente
772 1848 850 1872 ene-

145 1885 238 1918 tiuo:
278 1884 409 1919 bonum
443 1883 655 1928 disciplinae
686 1883 703 1918 I
760 1884 792 1924 6,
822 1886 850 1917 1.

147 1930 297 1964 nimium
323 1930 409 1964 solis
434 1929 472 1964 II
499 1931 555 1973 18,
584 1930 635 1964 16.
672 1930 709 1964 in
736 1929 850 1963 medio

148 1976 266 2020 populi
284 1975 302 2010 I
318 1975 374 2017 30,
391 1975 423 2010 2.
439 1995 486 2000 -
508 1975 544 2021 β)
568 1975 649 2009 sine
688 1975 850 2009 enetiuo:

149 2031 328 2065 resurgere
358 2024 518 2055 mortuos
551 2021 622 2055 imo
681 2020 698 2055 1
730 2021 785 2062 39,
819 2022 850 2056 6.

147 2069 266 2101 totum
292 2081 333 2096 =
359 2066 483 2101 omnia
507 2066 525 2101 Ι
551 2066 606 2108 26,
633 2066 689 2100 15.
713 2067 754 2102 A.
775 2067 850 2101 104.

150 2112 225 2146 128.
250 2112 329 2146 309.
378 2113 415 2146 in
447 2114 566 2146 totum
591 2126 635 2142 =
660 2112 808 2146 omniuo
834 2112 850 2146 I

150 2157 205 2199 37,
231 2157 285 2191 22.
311 2157 349 2192 II
375 2158 418 2193 16
443 2158 552 2192 inser.
580 2157 636 2200 38,
654 2158 686 2191 6.
713 2159 754 2191 A.
772 2158 851 2192 204.

149 2204 229 2237 398.
253 2204 332 2238 485.
360 2203 397 2237 in
424 2203 635 2238 absconsum
652 2217 695 2233 =
713 2203 853 2238 occulto

149 2249 185 2284 II
211 2249 266 2289 25,
299 2250 333 2284 9.
380 2250 416 2283 in
450 2259 599 2284 uacuum
632 2263 675 2279 =
707 2248 852 2291 frustra

151 2294 167 2329 I
192 2295 246 2336 27,
275 2295 329 2329 13.
354 2294 391 2330 ΙΙ
416 2295 449 2335 8,
465 2294 498 2329 4.
524 2295 565 2328 A.
584 2293 638 2328 75.
664 2293 701 2328 in
739 2296 852 2329 aeter·

152 2351 234 2374 num
270 2341 389 2374 uiuere
422 2341 464 2374 A.
496 2340 575 2375 326.
624 2340 660 2373 in
694 2340 807 2374 altum
835 2339 851 2373 1

153 2387 204 2428 ll,
230 2386 284 2420 19.
309 2387 365 2427 26,
389 2386 444 2421 31.
470 2386 526 2427 30,
550 2386 583 2420 5.
624 2388 770 2419 uentum
799 2389 852 2419 est

149 2431 192 2466 ad
206 2442 396 2471 summum,
411 2433 451 2466 ut
466 2431 484 2466 Ι
499 2432 552 2470 18.
567 2431 600 2465 6.
626 2430 670 2465 ad
713 2441 852 2465 raesens

154 2477 186 2512 11
205 2478 259 2518 24,
279 2478 330 2512 13.
369 2476 414 2511 ab
431 2477 506 2512 alto
531 2477 549 2511 I
564 2477 596 2517 9,
609 2476 640 2511 6.
657 2476 678 2510 2
704 2503 712 2517 ,
732 2476 784 2511 15.
812 2477 852 2510 A.

147 2522 226 2558 405.
243 2523 320 2558 940.
347 2523 382 2557 in
402 2524 475 2557 alto
493 2522 532 2558 ΙΙ
550 2524 605 2563 31,
623 2524 655 2557 6.
681 2523 717 2556 in
739 2522 854 2556 medio

151 2570 190 2602 Α.
207 2568 286 2603 597.
324 2569 358 2603 ἰη
377 2571 520 2603 aeterno
538 2569 702 2602 uiuentes
719 2568 761 2601 A.
774 2567 852 2601 302.

150 2613 186 2648 in
214 2616 382 2658 perpetuo
415 2613 447 2648 lI
472 2614 529 2655 39,
554 2613 609 2648 24.
660 2613 696 2647 in
732 2613 851 2647 futuro

149 2662 206 2701 (=
232 2660 273 2694 in
302 2660 384 2694 uita
416 2660 566 2700 futura)
599 2659 616 2693 1
642 2658 698 2699 26,
727 2659 780 2696 19.
811 2658 852 2693 A.

151 2704 227 2741 768.
263 2705 299 2739 in
326 2705 426 2739 breui
453 2704 705 2746 laetarisl2l,
726 2703 777 2739 10.
815 2705 850 2737 in

155 2760 245 2784 uano
269 2765 313 2781 =
337 2751 485 2793 frustra
510 2750 526 2785 Ι
554 2750 606 2789 17,
634 2751 687 2785 15.
717 2751 768 2786 19.
799 2750 851 2784 14.

150 2795 205 2835 21,
231 2796 263 2830 9.
289 2798 329 2830 Α.
355 2796 433 2831 585.
458 2796 536 2830 693.
562 2795 639 2830 781.
681 2796 717 2829 in
743 2806 852 2829 uacuo

149 2840 166 2875 Ι
194 2841 246 2882 12,
275 2842 326 2876 10.
377 2842 412 2875 in
439 2841 568 2876 ultimo
586 2845 642 2877 ‹'=
660 2844 852 2885 postremo)

1581 208 1660 251 197

958 333 1000 368 A.
1022 331 1120 366 1020.
1147 342 1210 375 pro
1228 342 1357 376 magno
1376 331 1487 367 colere
1506 334 1548 367 A.
1563 333 1662 369 1015.

957 377 1022 411 sub
1048 388 1117 411 uno
1141 391 1186 407 =
1211 377 1289 411 unci
1314 377 1350 411 II
1376 378 1407 420 2,
1438 379 1490 413 11.
1518 379 1571 420 14,
1596 379 1618 413 8

912 422 1056 468 adigere
1095 437 1140 453 =
1179 423 1348 468 adfliyere
1398 424 1463 467 (‘?>:
1513 424 1661 465 (urbem)

957 469 1091 549 Rudgin}
1146 468 1298 512 adigunt
1354 468 1516 504 incendio
1571 469 1663 504 facto

912 559 1136 594 adiuuenire:
1151 559 1337 594 adiuuenit
1354 562 1502 595 mortem
1524 560 1660 603 (diabo-

957 605 1026 649 lus)
1044 606 1086 639 A.
1111 606 1190 639 361.
1214 616 1276 640 nee
1292 616 1328 639 se
1352 605 1599 646 adinveniunt,
1624 606 1659 639 in

956 662 1025 695 quo
1050 651 1123 685 sint
1148 655 1318 695 tempore,
1344 651 1441 686 bruti
1467 651 1509 686 A.
1534 651 1603 686 920

911 697 1008 731 adire
1032 696 1174 741 aliquid
1204 711 1250 726 =
1273 696 1438 731 animum
1463 695 1662 732 adtendere

957 742 1170 822 itdz9deinde
1184 742 1338 777 Thamar
1354 745 1495 786 partum
1517 767 1524 774 .
1540 767 1547 776 .
1567 742 1661 777 adite

913 833 1075 868 adlucere
1100 848 1145 863 =
1171 832 1363 878 aclfulyere
1388 834 1430 867 A.
1458 834 1500 867 10

913 879 1081 913 adornare
1105 894 1150 909 =
1174 880 1318 924 tumere,
1344 879 1590 919 conformare:
1620 882 1661 913 ut

959 924 1063 959 deum
1103 925 1253 959 adornet
1289 924 1307 959 1
1350 924 1402 963 19,
1450 928 1482 960 8.
1523 924 1661 959 fabulas

958 981 1067 1005 uanas
1108 970 1284 1004 adornant
1321 972 1362 1004 A.
1399 970 1480 1006 387.
1515 989 1560 995 —
1595 981 1660 1004 uox

958 1016 1130 1050 adornata
1154 1016 1194 1049 A.
1221 1016 1287 1050 599

913 1061 1094 1106 adplicare
1118 1061 1188 1095 sibi
1215 1061 1351 1095 similes
1376 1061 1393 1096 Ι
1423 1062 1474 1103 19,
1501 1061 1520 1096 7

913 1108 1111 1142 adscribere
1124 1121 1169 1137 =
1183 1107 1410 1142 adtribuere:
1433 1107 1509 1141 fata
1522 1106 1660 1151 genesis

959 1153 1154 1187 adscribere
1179 1153 1197 1187 I
1225 1153 1277 1193 16,
1303 1153 1343 1194 23
1373 1152 1420 1194 cf.
1446 1164 1481 1186 u.
1506 1153 1528 1186 5

913 1198 1082 1233 adsiduus
1106 1198 1146 1241 (Ῥ)
1173 1212 1218 1228 =
1242 1198 1399 1242 locuples
1425 1198 1459 1232 11
1485 1198 1540 1239 37,
1566 1197 1587 1231 2

914 1244 1104 1289 adsignare
1137 1258 1182 1273 =
1213 1243 1400 1278 addicere:
1437 1243 1532 1277 filius
1564 1243 1663 1277 cuius

959 1300 1046 1331 eras,
1085 1290 1140 1323 illi
1178 1292 1214 1324 te
1245 1289 1396 1333 adsigna
1427 1289 1591 1323 clientem
1624 1288 1661 1323 ΙΙ

960 1336 1014 1379 16,
1041 1336 1082 1370 18

913 1381 1105 1416 adtendere
1136 1381 1250 1415 alicui
1283 1386 1343 1422 (se.
1367 1380 1563 1422 animum):
1601 1390 1661 1413 nec

957 1427 1037 1461 istis
1063 1426 1227 1460 adtendis
1253 1426 1270 1461 Ι
1295 1426 1350 1465 29,
1376 1427 1407 1460 8.
1434 1445 1478 1451 —
1502 1425 1576 1460 adt.
1593 1425 1661 1459 ali-

957 1483 1060 1517 quem
1076 1486 1121 1502 =
1145 1473 1269 1517 mayni
1284 1472 1422 1514 facere:
1448 1471 1534 1516 quid
1553 1472 1661 1505 malos

958 1518 1123 1553 adtendis
1148 1519 1190 1553 A.
1216 1518 1283 1553 705

912 1564 1112 1599 aduliscens
1138 1564 1154 1598 I
1181 1563 1212 1605 7,
1238 1565 1260 1597 8

912 1611 1052 1644 adulter
1076 1624 1121 1639 =
1145 1609 1312 1643 diabolus
1337 1609 1353 1643 Ι
1377 1609 1432 1651 36,
1457 1609 1490 1643 3.
1516 1608 1556 1642 A.
1584 1608 1659 1642 179.

958 1655 1036 1690 206.
1061 1656 1129 1691 985

913 1702 1126 1736 adumbrare
1154 1716 1195 1731 z
1221 1701 1410 1735 obcaecare
1436 1698 1453 1732 I
1479 1698 1534 1740 36,
1559 1699 1582 1732 4

913 1747 1081 1781 aduenire
1115 1761 1158 1777 =
1190 1746 1363 1784 accidere,
1401 1743 1657 1788 superuenire:

958 1793 1106 1827 aduenit
1143 1792 1198 1826 illi
1243 1790 1434 1825 retributio
1471 1790 1582 1833 digna
1618 1792 1659 1823 A.

959 1885 1000 1919 A.
1027 1884 1094 1918 926

911 1929 1129 1964 aduerbium
1145 1929 1304 1973 pendens
1327 1939 1350 1962 a
1369 1926 1662 1972 praepositione:

959 1976 995 2009 in
1021 1978 1103 2010 ante
1121 1975 1167 2017 (7)
1187 1974 1224 2009 11
1249 1975 1281 2016 5,
1302 1974 1333 2009 7.
1360 1984 1381 2008 a
1398 1974 1503 2017 longe
1521 1974 1562 2009 A.
1579 1972 1658 2007 428.

964 2021 1020 2063 Cf.
1052 2020 1193 2062 abinde,
1232 2020 1334 2055 inibi.
1371 2039 1416 2044 —
1453 2017 1540 2052 adu.
1578 2028 1659 2052 cum

958 2067 1068 2101 uerbo
1105 2078 1179 2101 esse
1210 2066 1465 2100 coniunctum:
1510 2064 1559 2097 Ea
1591 2073 1660 2097 non

959 2115 1044 2146 sunt
1069 2112 1118 2146 sic
1143 2112 1160 2146 I
1186 2111 1242 2153 24,
1276 2112 1328 2147 17.
1358 2111 1443 2144 haee
1468 2112 1585 2143 autem
1612 2108 1661 2142 sic

1074 1840 1112 1873 et
1146 1848 1276 1872 merces
1313 1836 1479 1871 adueniet
1521 1835 1659 1869 meritis

961 2169 1029 2192 uon
1055 2159 1140 2192 sunt
1171 2157 1189 2192 1
1214 2157 1268 2199 26,
1301 2157 1355 2192 28.
1388 2155 1449 2199 qui
1474 2155 1522 2188 sie
1550 2154 1660 2187 Deum

960 2203 1096 2238 iudicas
1121 2213 1195 2237 esso
1219 2203 1236 2237 I
1262 2203 1316 2243 29,
1342 2203 1363 2236 4

914 2248 1094 2283 aediculae
1116 2249 1261 2293 (larum)
1288 2247 1306 2282 I
1330 2248 1386 2289 20,
1413 2247 1435 2280 3

915 2296 1094 2338 aegrotare
1130 2308 1176 2324 =
1211 2293 1381 2328 laborare
1405 2294 1466 2337 (¹?):
1499 2291 1583 2325 dum
1609 2290 1658 2324 sit

960 2339 1062 2374 modo
1095 2339 1217 2380 uictor,
1244 2340 1407 2383 aegrotat
1432 2339 1472 2374 A.
1499 2337 1584 2379 602;
1614 2334 1662 2378 cf.

961 2389 1146 2420 comment.

915 2431 1086 2465 aemulari
1100 2430 1257 2474 aliquem
1277 2443 1323 2460 =
1347 2428 1514 2464 inuidere
1530 2427 1660 2462 alicui:

961 2477 1047 2521 quid
1097 2475 1201 2510 nobis
1251 2474 1414 2516 strident,
1464 2473 1550 2518 quid
1599 2482 1661 2507 nos

961 2522 1188 2556 aemulantur
1213 2519 1386 2555 heredes?
1419 2521 1460 2555 A.
1486 2519 1552 2554 739

914 2567 1087 2612 aequalis:
1115 2567 1172 2601 hic
1187 2565 1278 2600 Deus
1297 2568 1350 2599 est
1364 2569 1484 2600 noster
1502 2562 1662 2608 aequalis

914 2668 1081 2702 aequare:
1120 2657 1252 2692 idcirco
1284 2667 1345 2691 nec
1406 2656 1537 2690 oterint
1569 2653 1662 2689 oculi

961 2703 1128 2738 mortales
1153 2702 1295 2747 aequari
1323 2728 1353 2738 ..
1381 2667 1422 2737 ge
1441 2702 1505 2736 Dei
1530 2702 1663 2735 secreta

960 2763 1002 2779 =
1028 2749 1119 2783 satis·
1145 2749 1278 2783 instrui
1302 2747 1347 2788 (P)
1373 2747 1390 2782 I
1416 2747 1472 2789 27,
1499 2747 1542 2780 18
1567 2756 1619 2790 sq.

915 2805 953 2829 ae
981 2805 1022 2828 ue
1040 2809 1082 2825 =
1097 2799 1137 2829 ut
1152 2805 1227 2839 par
1246 2798 1313 2829 est:
1342 2794 1516 2828 malitiam
1545 2791 1661 2825 nullu<

956 2805 1117 2874 tdimittit
1145 2851 1253 2884 aeque
1279 2839 1320 2873 de
1345 2839 1448 2874 corde
1473 2837 1510 2872 11
1540 2837 1591 2875 15,
1618 2838 1638 2867 6
