1934 3278
318 261 402 302 230
977 259 1175 293 Luciferi

317 386 454 427 celare
498 386 641 426 diuina
684 386 771 426 eius
820 398 869 425 an
913 384 1084 438 dignum
1125 385 1190 426 est
1222 385 1380 437 aperire
1412 385 1489 426 tibi
1522 388 1674 427 cuncta
1703 399 1827 440 prae-

316 455 440 507 cepta
478 454 662 496 domini?
709 466 874 495 omnem
906 453 1167 495 uoluntatem
1207 452 1517 505 perferemusne
1556 453 1622 495 dei
1662 454 1715 495 ad
1753 468 1829 497 uos

315 523 435 565 nobis
476 523 722 565 commissos
771 535 820 563 an
864 534 955 563 eam
999 521 1051 562 ad
1090 521 1255 562 nosmet
1284 521 1535 574 iugulandos
1567 523 1688 564 uobis
1716 523 1827 565 frau-

317 592 537 634 dabimur?
570 592 816 645 sanguinem
851 591 1004 632 etenim
1035 591 1155 631 tuum
1190 590 1292 631 dicit
1315 589 1506 632 dominus
1527 592 1826 644 requisiturum

317 673 340 701 a
369 673 459 709 me3
494 660 591 713 quin
613 660 740 701 immo
766 659 801 700 si
832 672 911 700 non
945 659 1180 700 oboedieris
1214 659 1304 709 deo,
1339 659 1458 700 cuius
1490 672 1565 701 nos
1595 660 1672 701 tibi
1704 661 1825 714 inge-

313 729 444 770 rimus
478 729 619 770 diuina
650 729 821 779 monita,
854 729 901 768 tu
931 728 972 769 in
1003 729 1076 770 tuo
1107 728 1298 770 morieris
1331 728 1562 769 sceleratus
1594 728 1753 770 scelere
1787 730 1828 770 et

316 811 339 839 a
370 798 488 840 nobis
520 798 604 839 iam
635 811 715 839 non
745 797 982 850 requiretur
1016 797 1130 838 salus
1164 798 1325 838 animae
1357 798 1469 847 tuae,
1504 798 1699 850 quoniam
1732 798 1825 851 qui-

315 867 410 908 dem
442 868 564 909 minis
594 868 679 909 tuis
712 880 791 909 non
825 867 1028 909 fuerimus
1064 867 1219 918 territi,
1270 867 1343 908 sed
1387 867 1521 908 solum
1562 868 1825 909 timuerimus

315 949 408 978 eum
442 937 511 990 qui
543 936 709 989 praeter
740 949 784 977 se
823 936 1031 977 neminem
1073 935 1284 976 mandarit
1325 935 1580 986 timendum,
1630 936 1826 989 quoniam

314 1005 483 1058 quidem
515 1006 563 1045 ut
591 1005 725 1046 temet
758 1005 940 1058 eriperes
974 1018 995 1046 a
1029 1005 1218 1046 nefandis
1252 1005 1413 1046 semitis
1454 1005 1538 1046 tuis
1577 1006 1618 1046 in
1659 1006 1825 1046 nomine

315 1073 471 1115 domini
514 1073 580 1115 dei
620 1074 953 1115 conuenerimus.
1007 1087 1056 1115 ne
1096 1073 1173 1115 tibi
1215 1074 1456 1126 imperatori
1487 1074 1654 1115 uiderer
1687 1074 1824 1115 facere

313 1143 630 1192 contumeliam,
675 1142 775 1195 quid
806 1156 873 1184 me
908 1155 1030 1196 agere
1065 1142 1248 1195 oportuit
1277 1143 1465 1195 tempore
1499 1156 1579 1196 quo
1609 1143 1652 1183 te
1682 1143 1823 1184 iudico

311 1211 456 1252 natum
490 1212 542 1252 ad
573 1224 647 1252 nos
680 1212 747 1253 dei
780 1225 923 1253 seruos
957 1225 980 1252 a
1001 1212 1072 1253 uia
1093 1212 1318 1253 uertendos
1339 1212 1562 1253 ueritatis?
1595 1225 1690 1253 oum
1714 1212 1823 1253 enim

309 1278 696 1322 Nabuchodonosor
741 1280 979 1322 Olofernam
1024 1281 1192 1322 uirtutis
1234 1294 1332 1322 suae
1370 1281 1599 1334 principem
1638 1281 1824 1324 misisset

314 1349 354 1389 et
375 1350 607 1390 Ierusalem
630 1350 853 1400 obsideret,
888 1350 987 1403 quid
1021 1351 1112 1391 orat
1142 1350 1284 1391 Iudith
1308 1350 1463 1391 deum?
1496 1363 1642 1403 nempe
1675 1351 1721 1390 ut
1745 1350 1821 1390 de—

313 1418 494 1459 strueret
510 1418 702 1460 inimicos
713 1419 858 1460 Israel.
878 1419 1081 1472 numquid
1096 1420 1225 1475 <11011>
1245 1419 1366 1459 dixit:
1385 1420 1542 1461 custodi
1559 1420 1822 1473 insumentes

309 1487 514 1528 aduersus
544 1488 715 1529 domum
745 1491 892 1530 tuam?
923 1488 1090 1530 domine
1120 1489 1220 1530 deus
1243 1488 1391 1540 patris
1421 1488 1502 1529 mei
1522 1487 1717 1542 Symeon,
1749 1487 1822 1540 qui

308 1554 463 1597 dedisti
507 1555 707 1610 yladium
751 1558 801 1598 in
847 1557 1006 1598 ultione
1055 1557 1397 1611 alieniyenarum
1437 1558 1510 1610 qui
1553 1557 1822 1598 uiolauerunt

307 1623 488 1665 uuluam
521 1626 709 1679 uiryinis
739 1627 788 1667 in
819 1626 1209 1679 coinquinationem
1242 1628 1279 1667 et
1317 1626 1643 1667 denudauerunt
1682 1625 1822 1677 femur

307 1693 355 1734 in
386 1695 790 1736 consummationem
820 1697 860 1736 et
888 1695 1276 1748 coinquinauerunt
1314 1694 1532 1735 matricem
1571 1694 1620 1734 in
1660 1694 1820 1746 impro-

301 1764 487 1816 perium.
536 1763 687 1805 dixisti
717 1764 854 1805 enim:
900 1778 987 1805 non
1017 1764 1078 1805 sic
1109 1764 1201 1818 erit,
1234 1766 1270 1805 et
1300 1763 1451 1816 fecisti.
1504 1764 1682 1816 propter
1713 1762 1820 1816 quod

308 1832 461 1874 dedisti
492 1833 715 1885 principes
753 1846 895 1874 corum
940 1833 988 1873 in
1030 1833 1276 1874 occisionem
1313 1835 1348 1872 et
1388 1835 1527 1873 torum
1567 1845 1707 1873 eorum
1747 1832 1821 1884 qui

308 1903 469 1956 accepit
516 1902 712 1944 dilectam
755 1903 801 1944 in
839 1903 1115 1957 sanquinem,
1164 1905 1201 1943 et
1230 1903 1483 1955 percussisti
1524 1914 1665 1943 seruos
1695 1914 1820 1954 super

299 1974 509 2024 potentes,
556 1985 681 2023 super
711 1971 883 2013 thronos
915 1985 1067 2013 eorum.
1117 1975 1155 2013 et
1184 1972 1338 2012 dedisti
1369 1971 1566 2012 mulieres
1600 1983 1741 2012 eorum
1776 1971 1820 2011 in

299 2042 515 2095 praedam
546 2044 583 2082 et
613 2040 730 2094 filias
761 2041 810 2081 in
840 2042 1134 2094 captiuitatem
1166 2044 1205 2082 et
1234 2054 1397 2082 omnem
1431 2041 1642 2093 praedam
1672 2040 1720 2081 in
1751 2039 1819 2079 di-

307 2111 515 2152 uisionem
545 2110 736 2164 filiorum
766 2110 1030 2163 dilectorum,
1077 2111 1151 2163 qui
1190 2110 1437 2152 eetauerunt
1466 2109 1601 2151 zelum
1631 2112 1751 2150 tuum
1783 2110 1819 2149 et

308 2179 665 2221 abominauerunt
705 2179 1094 2232 coinquinationem
1132 2180 1299 2233 yeneris
1338 2179 1402 2220 tui
1441 2181 1478 2220 et
1508 2179 1821 2220 inuocauerunt

310 2251 347 2289 te
377 2248 426 2289 in
457 2249 720 2291 adiutorium
751 2252 883 2291 tuum.
940 2249 1040 2290 deus
1070 2262 1183 2290 meus
1214 2249 1409 2290 exaudiet
1439 2262 1502 2289 me
1532 2247 1723 2289 uiduam.
1772 2249 1818 2287 tu

307 2318 419 2359 enim
451 2318 591 2371 fecisti
620 2318 772 2370 priora
801 2331 944 2360 eorum
976 2331 1070 2359 cum
1100 2318 1193 2360 illis
1223 2321 1260 2359 et
1289 2317 1369 2359 illa
1392 2320 1541 2370 postea
1571 2319 1608 2358 et
1637 2328 1751 2357 nunc
1782 2316 1820 2355 et

446 2456 488 2489 17
514 2455 586 2490 Iud.
614 2456 647 2495 9,
673 2455 786 2489 2-19

377 2582 394 2615 1
424 2583 496 2615 eius
523 2594 554 2623 υ,
591 2583 621 2616 ei
652 2583 693 2623 V,
728 2582 778 2616 eis
812 2583 904 2616 coni.
940 2582 1060 2617 Titius
1093 2582 1135 2616 in
1159 2582 1259 2616 notis
1400 2580 1420 2612 2
1451 2580 1724 2623 perferremusne

306 2641 327 2673 3
354 2640 555 2683 iugulantos
675 2640 714 2673 11
743 2641 1004 2674 eonuenerimus
1031 2640 1179 2684 scripsi,
1207 2638 1458 2673 conuenirimus
1490 2639 1528 2673 V.
1557 2638 1815 2671 conueniremus

311 2708 326 2729 ‹·
421 2698 692 2738 eonuenstemus,
720 2708 762 2731 ne
787 2698 854 2731 tibi
881 2697 1076 2732 uideremur
1100 2698 1192 2732 coni.
1216 2696 1442 2731 Gallandius
1537 2694 1579 2728 13
1606 2695 1697 2728 enim
1723 2696 1814 2728 coni.

308 2753 500 2796 Latinius,
528 2753 562 2786 in
594 2754 645 2788 1‘1·
740 2754 781 2787 14
807 2753 1030 2788 Holofernem
1060 2766 1076 2788 c
1172 2754 1213 2787 15
1231 2752 1328 2786 iudid
1423 2752 1464 2786 16
1490 2762 1560 2785 11011
1587 2752 1723 2785 addidi

309 2810 349 2842 17
388 2810 442 2842 cui
478 2810 566 2851 fort.
724 2811 765 2844 19
805 2811 1151 2855 quoinquinationexn
1306 2810 1349 2843 ‘20
1387 2809 1723 2853 quoinquinauerunt

307 2867 350 2899 24
376 2868 550 2910 potentes]
579 2870 614 2901 ct
638 2870 800 2911 potentes
827 2869 914 2903 add.
938 2870 1033 2904 Gali.
1127 2869 1168 2902 27
1197 2866 1538 2912 quoinquinationom

1864 679 1878 704 5

1846 1022 1877 1047 10

1843 1363 1874 1387 15

1841 1711 1874 1737 20

1838 2054 1871 2079 25
