1934 3278
577 232 630 267 De
655 234 775 267 sancto
800 231 995 266 Athanasio
1020 231 1108 266 liber
1131 232 1157 267 Ι.
1563 233 1618 275 99

125 362 316 403 animam
346 360 476 401 unius
515 373 564 401 ex
601 358 702 401 illiS.
764 358 837 400 sed
877 358 975 412 quid
1017 358 1133 400 audit
1170 359 1314 402 Helias
1354 372 1378 401 a
1410 360 1486 402 deo
1525 362 1619 414 post

125 430 402 485 quadraginta
434 429 593 470 dierum
626 440 672 468 ac
705 428 887 469 noctium
919 428 1175 470 celebratum
1206 430 1434 472 ieiunium?
1471 443 1618 485 nempe

124 502 171 542 ut
201 500 406 553 ungueret
442 510 577 552 reges,
616 510 688 551 per
728 510 830 551 quos
862 497 1005 539 Achab
1046 499 1087 540 et
1126 498 1226 540 socii
1267 499 1616 553 extinguerentur.

127 570 190 611 est
221 581 315 610 eum
346 567 471 609 Helia
502 565 790 608 misericordia
823 565 902 616 dei,
945 567 1160 620 cognoscit
1189 567 1336 609 Helias
1369 567 1486 621 diligi
1519 580 1562 609 se
1596 581 1619 609 a

88 639 224 684 ⁵de03
273 638 415 679 contra
454 636 597 677 Achab
636 634 785 676 Heliae
824 636 1065 688 persecutor
1105 636 1165 677 ita
1203 636 1267 678 est
1303 635 1442 685 miser,
1491 636 1538 677 ut
1576 636 1618 677 in

126 706 281 748 diaboli
313 717 475 758 semper
505 704 712 758 potestate
744 703 882 745 fuerit.
943 704 1001 745 sie
1035 704 1310 746 Athanasium
1341 704 1450 746 iuste
1482 704 1616 757 puniri

125 774 347 823 mandasti,
381 773 586 827 quomodo
620 772 661 814 et
681 772 847 814 Iezabel
869 772 1134 814 Nabutheum
1166 773 1449 821 Iezraelitem3
1482 773 1541 814 sic
1572 773 1616 814 tu

125 855 247 884 ueros
279 843 409 884 testes
440 841 669 895 produxisti
692 842 836 882 contra
858 840 1146 891 Athanasium,
1180 841 1226 882 ut
1255 841 1318 882 illi
1339 840 1625 895 produxerunt

127 912 179 953 ad
213 924 315 965 quos
338 910 563 964 scripserat
584 909 749 951 Iezabel
771 909 933 951 dicens:
965 910 1150 951 ieiunate
1170 910 1392 965 ieiunium,
1426 913 1463 952 et
1482 910 1622 952 sedeat

74 986 106 1012 1⁰
126 980 371 1022 Nabutheus
401 979 449 1020 in
473 979 615 1031 primo
641 979 816 1032 populo,
847 982 883 1020 et
914 977 1118 1020 conlocate
1138 980 1240 1021 duos
1264 980 1380 1020 uiros
1399 980 1510 1033 filios
1531 979 1620 1020 ini-

125 1063 302 1103 quorum
349 1051 495 1090 eontra
540 1061 653 1097 eum,
701 1050 736 1089 et
781 1050 982 1089 testentur
1027 1048 1234 1090 aduersus
1280 1061 1371 1090 eum
1417 1048 1619 1090 dieentes:

125 1117 385 1159 maledixisti
414 1117 632 1158 dominum
662 1119 698 1157 et
728 1129 874 1171 reyem,
908 1118 947 1157 et
974 1116 1163 1159 deducite
1194 1130 1297 1168 eum,
1338 1119 1374 1158 et
1405 1116 1621 1170 lapidetur

125 1190 162 1229 et
191 1187 410 1227 moriatur.

182 1254 360 1297 XVIIII.
397 1253 517 1294 Talia
548 1253 642 1294 sunt
674 1264 798 1306 opera
828 1265 934 1294 nunc
957 1253 1098 1295 uestra
1122 1252 1400 1295 Arrianorum.
1432 1267 1525 1296 reos
1547 1266 1621 1296 nos

75 1338 107 1364 ιε»
127 1324 279 1374 dicitis,
311 1322 525 1376 impingitis
557 1321 691 1362 multa
728 1333 803 1363 nec
843 1321 1022 1363 testibus
1053 1321 1169 1364 falsis
1204 1322 1355 1376 egetis;
1400 1323 1479 1376 ipsi
1512 1323 1621 1364 enim

100 1391 255 1434 'testes
285 1391 327 1432 in
359 1391 548 1433 omnibus
580 1389 674 1431 falsi
707 1390 819 1432 estis.
879 1390 937 1432 sic
970 1403 1044 1432 uos
1075 1390 1151 1431 filii
1182 1390 1425 1444 perditionis
1455 1391 1619 1433 Arriani

124 1460 359 1503 interficere
375 1459 591 1512 temptatis
613 1459 900 1509 Athanasium,
925 1459 1130 1512 quomodo
1151 1459 1418 1502 Nabutheum
1440 1460 1617 1509 Iezabel,

124 1530 339 1583 tamquam
370 1528 548 1582 possetis
581 1527 719 1569 omnia
750 1527 1041 1580 conspicientis
1083 1527 1262 1582 effugere
1294 1541 1474 1570 manum.
1538 1529 1620 1571 scis

126 1598 363 1639 uindicasse
387 1597 511 1638 deum
534 1596 777 1649 sanguinem
798 1596 1022 1646 Nabuthei‚
1044 1597 1222 1638 mortem
1245 1596 1332 1638 eius
1355 1597 1406 1638 de
1428 1597 1620 1639 manibus

74 1666 439 1708 2ointerfectorum
473 1665 766 1718 exquisiuisse;
810 1665 851 1706 et
882 1665 1095 1707 arbitraris
1128 1678 1175 1706 ex
1205 1665 1289 1707 tuis
1319 1665 1510 1707 manibus
1542 1678 1620 1708 non

128 1735 252 1777 deum
293 1734 592 1788 exquisiturum
630 1733 872 1787 sanguinem
913 1733 1143 1776 sacerdotis
1184 1734 1246 1775 sui
1278 1733 1524 1776 Athanasii?
1585 1737 1624 1775 et

126 1804 237 1846 dixit
267 1804 463 1846 dominus
493 1803 548 1844 ad
580 1803 754 1845 Heliam
786 1803 1016 1845 Thesbitem
1038 1803 1196 1845 dicens:
1227 1815 1349 1858 surye
1370 1806 1407 1844 et
1427 1803 1621 1845 descende

125 1874 175 1914 in
206 1873 374 1915 obuiam
405 1872 550 1914 Achab
581 1873 667 1926 reyi
697 1872 849 1925 Israel,
891 1873 964 1925 qui
994 1875 1055 1914 est
1084 1873 1131 1913 in
1163 1871 1376 1928 Samaria,
1420 1874 1524 1925 quia
1553 1872 1620 1914 hic

131 1943 176 1982 in
205 1942 373 1983 uineam
406 1942 617 1984 Nabuthei
649 1941 867 1994 descendit,
900 1945 945 1983 ut
972 1942 1189 1995 possideat
1218 1955 1322 1984 eam.
1355 1944 1393 1983 et
1422 1942 1532 1984 dices
1564 1941 1621 1983 ad

76 2020 247 2052 2⁵eum:
289 2010 386 2052 haec
424 2011 529 2052 dicit
564 2010 780 2053 dominus:
825 2012 1025 2064 quomodo
1064 2011 1251 2052 occidisti
1283 2010 1553 2053 Nabutheum
1583 2013 1621 2052 et

120 2081 345 2133 possedisti
367 2080 537 2121 uineam
560 2080 659 2131 eius,
686 2083 859 2132 propter
883 2079 957 2121 hoc
978 2079 1076 2121 haec
1096 2080 1198 2121 dici-t
1219 2079 1434 2122 dominus:
1467 2080 1513 2120 in
1535 2080 1620 2121 loco

129 2149 177 2189 in
198 2162 277 2201 quo
299 2148 518 2190 linxerunt
538 2161 661 2189 canes
682 2151 717 2190 et
738 2161 830 2190 sues
849 2149 1098 2202 sanquinem
1121 2148 1349 2203 Nabuthei,
1381 2148 1439 2189 ibi
1461 2147 1622 2202 linyent

129 2230 253 2258 canes
283 2219 533 2271 sanquinem
566 2220 696 2271 tuum,
738 2219 776 2258 et
803 2218 1066 2271 fornicariae
1098 2218 1304 2260 lauabunt
1334 2217 1383 2259 in
1412 2217 1622 2270 sanquine

129 2288 212 2327 tuo.
274 2289 309 2327 et
348 2286 458 2327 dixit
489 2285 632 2327 Achab
669 2286 725 2327 ad
756 2285 953 2328 Heliam:
997 2287 1034 2327 si
1071 2287 1276 2329 inuenisti
1306 2300 1381 2338 me,
1423 2286 1623 2327 inimicus

78 2363 112 2389 ³0
131 2355 279 2395 meus?
310 2357 346 2396 et
376 2355 487 2396 dixit
518 2354 690 2396 Helias:
722 2355 882 2409 inueni,
914 2356 1115 2408 quoniam
1147 2355 1336 2410 coyitasti
1366 2355 1503 2408 facere
1533 2367 1621 2394 ma-

131 2423 243 2476 liyne
275 2427 371 2465 ante
401 2428 661 2477 conspectum
692 2424 864 2479 domini,
897 2427 942 2465 ut
973 2424 1237 2465 exacerbares
1263 2437 1367 2466 eum.
1400 2423 1497 2464 haec
1518 2422 1623 2464 dicit

130 2492 347 2533 dominus:
392 2506 475 2535 ecce
505 2507 574 2547 eqo
604 2493 758 2535 induco
789 2506 913 2546 super
945 2496 979 2534 te
1010 2493 1139 2542 mala,
1179 2496 1216 2534 et
1254 2493 1502 2535 succendam
1524 2493 1623 2545 post

268 2640 288 2674 9
312 2639 362 2674 ΠΙ
385 2639 470 2685 Reg.
495 2640 538 2674 20
565 2640 645 2684 (21),
671 2641 702 2675 9.
730 2640 771 2675 10
864 2639 905 2674 21
933 2639 979 2675 ib.
1005 2639 1049 2673 20
1073 2639 1152 2682 (21),
1180 2638 1312 2673 17-23

202 2776 220 2809 7
246 2753 434 2811 nabuieum
467 2776 706 2812 iezeahelitem
741 2777 764 2820 (ιι
797 2789 839 2811 m.
872 2779 957 2819 rec.)
991 2778 1028 2820 V,
1067 2776 1267 2821 Ναβουθαὶ
1297 2776 1360 2810 τὸν
1389 2773 1624 2820 Ἰεζραηλίτην

132 2832 248 2866 LXX
340 2832 381 2867 21
410 2833 571 2869 athanasi
664 2834 706 2868 27
733 2834 926 2890 lincxerunt
1017 2833 1061 2867 30
1086 2833 1260 2878 malignae

1448 2914 1490 2947 7*
