<?xml version="1.0" encoding="UTF-8"?>
<!DOCTYPE html PUBLIC "-//W3C//DTD XHTML 1.0 Transitional//EN"
    "http://www.w3.org/TR/xhtml1/DTD/xhtml1-transitional.dtd">
<html xmlns="http://www.w3.org/1999/xhtml" xml:lang="en" lang="en">
 <head>
  <title>
</title>
<meta http-equiv="Content-Type" content="text/html;charset=utf-8" />
  <meta name='ocr-system' content='tesseract 3.04.00' />
  <meta name='ocr-capabilities' content='ocr_page ocr_carea ocr_par ocr_line ocrx_word'/>
</head>
<body>
  <div class='ocr_page' id='page_1' title='image "./corpusscriptorum14luciuoft_0251.png"; bbox 0 0 1934 3278; ppageno 0'>
   <div class='ocr_carea' id='block_1_1' title="bbox 550 243 1602 288">
    <p class='ocr_par' dir='ltr' id='par_1_1' title="bbox 550 243 1602 288">
     <span class='ocr_line' id='line_1_1' title="bbox 550 243 1602 288; baseline 0.002 -8"><span class='ocrx_word' id='word_1_1' title='bbox 550 247 604 282; x_wconf 94' lang='lat' dir='ltr'>De</span> <span class='ocrx_word' id='word_1_2' title='bbox 628 246 749 280; x_wconf 88' lang='lat' dir='ltr'>sancto</span> <span class='ocrx_word' id='word_1_3' title='bbox 775 243 970 279; x_wconf 77' lang='lat' dir='ltr'><strong>Athanasio</strong></span> <span class='ocrx_word' id='word_1_4' title='bbox 996 244 1085 279; x_wconf 86' lang='lat' dir='ltr'>liber</span> <span class='ocrx_word' id='word_1_5' title='bbox 1107 244 1151 279; x_wconf 89' lang='lat' dir='ltr'>H.</span> <span class='ocrx_word' id='word_1_6' title='bbox 1524 245 1602 288; x_wconf 83' lang='lat'>199</span> 
     </span>
    </p>
   </div>
   <div class='ocr_carea' id='block_1_2' title="bbox 54 370 1623 2566">
    <p class='ocr_par' dir='ltr' id='par_1_2' title="bbox 54 370 1623 2566">
     <span class='ocr_line' id='line_1_2' title="bbox 106 370 1601 426; baseline -0.004 -9"><span class='ocrx_word' id='word_1_7' title='bbox 106 374 215 417; x_wconf 91' lang='lat' dir='ltr'>enim</span> <span class='ocrx_word' id='word_1_8' title='bbox 244 375 466 426; x_wconf 89' lang='lat' dir='ltr'>utrumque</span> <span class='ocrx_word' id='word_1_9' title='bbox 506 372 623 422; x_wconf 85' lang='lat' dir='ltr'>facis,</span> <span class='ocrx_word' id='word_1_10' title='bbox 666 370 896 421; x_wconf 75' lang='lat' dir='ltr'>Constanti,</span> <span class='ocrx_word' id='word_1_11' title='bbox 938 370 1036 424; x_wconf 89' lang='lat' dir='ltr'>quia</span> <span class='ocrx_word' id='word_1_12' title='bbox 1075 371 1117 411; x_wconf 92' lang='lat' dir='ltr'>et</span> <span class='ocrx_word' id='word_1_13' title='bbox 1155 382 1298 412; x_wconf 89' lang='lat' dir='ltr'>seruos</span> <span class='ocrx_word' id='word_1_14' title='bbox 1338 370 1426 412; x_wconf 91' lang='lat' dir='ltr'>eins</span> <span class='ocrx_word' id='word_1_15' title='bbox 1457 383 1601 423; x_wconf 88' lang='lat' dir='ltr'>perse-</span> 
     </span>
     <span class='ocr_line' id='line_1_3' title="bbox 104 439 1602 498; baseline -0.003 -13"><span class='ocrx_word' id='word_1_16' title='bbox 104 443 242 498; x_wconf 87' lang='lat' dir='ltr'>queris</span> <span class='ocrx_word' id='word_1_17' title='bbox 275 443 398 496; x_wconf 89' lang='lat' dir='ltr'>atque</span> <span class='ocrx_word' id='word_1_18' title='bbox 428 441 629 483; x_wconf 88' lang='lat' dir='ltr'>interficis</span> <span class='ocrx_word' id='word_1_19' title='bbox 662 441 704 482; x_wconf 90' lang='lat' dir='ltr'>et</span> <span class='ocrx_word' id='word_1_20' title='bbox 733 440 869 494; x_wconf 90' lang='lat' dir='ltr'>ipsum</span> <span class='ocrx_word' id='word_1_21' title='bbox 902 439 1099 481; x_wconf 88' lang='lat' dir='ltr'>deserens</span> <span class='ocrx_word' id='word_1_22' title='bbox 1130 439 1253 481; x_wconf 90' lang='lat' dir='ltr'>idolis</span> <span class='ocrx_word' id='word_1_23' title='bbox 1283 440 1326 481; x_wconf 87' lang='lat' dir='ltr'>te</span> <span class='ocrx_word' id='word_1_24' title='bbox 1358 439 1602 493; x_wconf 83' lang='lat' dir='ltr'>mancipan-</span> 
     </span>
     <span class='ocr_line' id='line_1_4' title="bbox 106 508 1605 562; baseline -0.003 -8"><span class='ocrx_word' id='word_1_25' title='bbox 106 514 205 555; x_wconf 87' lang='lat' dir='ltr'>dum</span> <span class='ocrx_word' id='word_1_26' title='bbox 237 510 459 553; x_wconf 81' lang='lat' dir='ltr'>censueris.</span> <span class='ocrx_word' id='word_1_27' title='bbox 522 523 595 552; x_wconf 90' lang='lat' dir='ltr'>cur</span> <span class='ocrx_word' id='word_1_28' title='bbox 635 510 719 551; x_wconf 88' lang='lat' dir='ltr'>ista</span> <span class='ocrx_word' id='word_1_29' title='bbox 755 509 880 562; x_wconf 90' lang='lat' dir='ltr'>geris,</span> <span class='ocrx_word' id='word_1_30' title='bbox 927 508 1005 550; x_wconf 91' lang='lat' dir='ltr'>nisi</span> <span class='ocrx_word' id='word_1_31' title='bbox 1046 509 1144 562; x_wconf 90' lang='lat' dir='ltr'>quia</span> <span class='ocrx_word' id='word_1_32' title='bbox 1182 508 1259 550; x_wconf 88' lang='lat' dir='ltr'>tibi</span> <span class='ocrx_word' id='word_1_33' title='bbox 1299 521 1377 550; x_wconf 92' lang='lat' dir='ltr'>non</span> <span class='ocrx_word' id='word_1_34' title='bbox 1409 508 1605 550; x_wconf 74' lang='lat' dir='ltr'>inluxerit</span> 
     </span>
     <span class='ocr_line' id='line_1_5' title="bbox 103 577 1603 635; baseline -0.003 -12"><span class='ocrx_word' id='word_1_35' title='bbox 103 581 241 635; x_wconf 86' lang='lat' dir='ltr'>gratia</span> <span class='ocrx_word' id='word_1_36' title='bbox 273 579 339 621; x_wconf 91' lang='lat' dir='ltr'>dei</span> <span class='ocrx_word' id='word_1_37' title='bbox 372 579 594 622; x_wconf 86' lang='lat' dir='ltr'>saluatoris</span> <span class='ocrx_word' id='word_1_38' title='bbox 624 577 783 620; x_wconf 75' lang='lat' dir='ltr'>nostri?</span> <span class='ocrx_word' id='word_1_39' title='bbox 844 577 879 619; x_wconf 93' lang='lat' dir='ltr'>si</span> <span class='ocrx_word' id='word_1_40' title='bbox 919 577 1027 619; x_wconf 92' lang='lat' dir='ltr'>enim</span> <span class='ocrx_word' id='word_1_41' title='bbox 1066 577 1298 627; x_wconf 84' lang='lat' dir='ltr'>inluxisset,</span> <span class='ocrx_word' id='word_1_42' title='bbox 1340 577 1603 619; x_wconf 87' lang='lat' dir='ltr'>meminisses</span> 
     </span>
     <span class='ocr_line' id='line_1_6' title="bbox 73 646 1605 704; baseline -0.001 -15"><span class='ocrx_word' id='word_1_43' title='bbox 73 648 284 704; x_wconf 80' lang='lat' dir='ltr'>5apostoli</span> <span class='ocrx_word' id='word_1_44' title='bbox 323 648 501 690; x_wconf 87' lang='lat' dir='ltr'>dicentis</span> <span class='ocrx_word' id='word_1_45' title='bbox 540 647 878 701; x_wconf 86' lang='lat' dir='ltr'>praeceptorum:</span> <span class='ocrx_word' id='word_1_46' title='bbox 917 646 1054 689; x_wconf 82' lang='lat' dir='ltr'>uidete</span> <span class='ocrx_word' id='word_1_47' title='bbox 1083 647 1225 699; x_wconf 78' lang='lat' dir='ltr'>itaque</span> <span class='ocrx_word' id='word_1_48' title='bbox 1255 647 1457 699; x_wconf 79' lang='lat' dir='ltr'>quomodo</span> <span class='ocrx_word' id='word_1_49' title='bbox 1487 649 1605 688; x_wconf 82' lang='lat' dir='ltr'>caute</span> 
     </span>
     <span class='ocr_line' id='line_1_7' title="bbox 104 715 1603 772; baseline -0.002 -13"><span class='ocrx_word' id='word_1_50' title='bbox 104 717 335 772; x_wconf 77' lang='lat' dir='ltr'>ambuletis,</span> <span class='ocrx_word' id='word_1_51' title='bbox 367 731 456 759; x_wconf 88' lang='lat' dir='ltr'>non</span> <span class='ocrx_word' id='word_1_52' title='bbox 484 717 610 770; x_wconf 78' lang='lat' dir='ltr'>qnasi</span> <span class='ocrx_word' id='word_1_53' title='bbox 638 716 900 769; x_wconf 75' lang='lat' dir='ltr'>insipientes,</span> <span class='ocrx_word' id='word_1_54' title='bbox 930 716 1001 758; x_wconf 89' lang='lat' dir='ltr'>sed</span> <span class='ocrx_word' id='word_1_55' title='bbox 1031 718 1078 757; x_wconf 78' lang='lat' dir='ltr'>ut</span> <span class='ocrx_word' id='word_1_56' title='bbox 1098 716 1323 770; x_wconf 82' lang='lat' dir='ltr'>sapientes,</span> <span class='ocrx_word' id='word_1_57' title='bbox 1355 715 1603 757; x_wconf 74' lang='lat' dir='ltr'>redimentes</span> 
     </span>
     <span class='ocr_line' id='line_1_8' title="bbox 104 784 1603 842; baseline -0.002 -13"><span class='ocrx_word' id='word_1_58' title='bbox 104 791 278 842; x_wconf 83' lang='lat' dir='ltr'>tempus,</span> <span class='ocrx_word' id='word_1_59' title='bbox 300 787 403 840; x_wconf 78' lang='lat' dir='ltr'>qnia</span> <span class='ocrx_word' id='word_1_60' title='bbox 422 786 510 828; x_wconf 85' lang='lat' dir='ltr'>dies</span> <span class='ocrx_word' id='word_1_61' title='bbox 530 786 638 828; x_wconf 86' lang='lat' dir='ltr'>mali</span> <span class='ocrx_word' id='word_1_62' title='bbox 657 787 770 827; x_wconf 80' lang='lat' dir='ltr'>sunt.</span> <span class='ocrx_word' id='word_1_63' title='bbox 798 787 1025 838; x_wconf 80' lang='lat' dir='ltr'>propterea</span> <span class='ocrx_word' id='word_1_64' title='bbox 1041 784 1170 827; x_wconf 85' lang='lat' dir='ltr'>nolite</span> <span class='ocrx_word' id='word_1_65' title='bbox 1187 784 1299 838; x_wconf 77' lang='lat' dir='ltr'>effici</span> <span class='ocrx_word' id='word_1_66' title='bbox 1315 785 1603 837; x_wconf 75' lang='lat' dir='ltr'>inprudentes,</span> 
     </span>
     <span class='ocr_line' id='line_1_9' title="bbox 104 851 1623 909; baseline -0.001 -12"><span class='ocrx_word' id='word_1_67' title='bbox 104 856 176 898; x_wconf 85' lang='lat' dir='ltr'>sed</span> <span class='ocrx_word' id='word_1_68' title='bbox 213 855 496 909; x_wconf 73' lang='lat' dir='ltr'>intelleyentes</span> <span class='ocrx_word' id='word_1_69' title='bbox 533 868 642 908; x_wconf 78' lang='lat' dir='ltr'>quae</span> <span class='ocrx_word' id='word_1_70' title='bbox 678 854 734 896; x_wconf 85' lang='lat' dir='ltr'>sit</span> <span class='ocrx_word' id='word_1_71' title='bbox 773 854 971 896; x_wconf 75' lang='lat' dir='ltr'>uoluntas</span> <span class='ocrx_word' id='word_1_72' title='bbox 1009 854 1184 896; x_wconf 85' lang='lat' dir='ltr'>domini.</span> <span class='ocrx_word' id='word_1_73' title='bbox 1246 853 1282 895; x_wconf 89' lang='lat' dir='ltr'>si</span> <span class='ocrx_word' id='word_1_74' title='bbox 1312 853 1507 896; x_wconf 88' lang='lat' dir='ltr'>uoluntas</span> <span class='ocrx_word' id='word_1_75' title='bbox 1542 851 1623 896; x_wconf 87' lang='lat' dir='ltr'>est</span> 
     </span>
     <span class='ocr_line' id='line_1_10' title="bbox 108 922 1603 976; baseline -0.001 -10"><span class='ocrx_word' id='word_1_76' title='bbox 108 925 262 967; x_wconf 89' lang='lat' dir='ltr'>domini</span> <span class='ocrx_word' id='word_1_77' title='bbox 282 924 517 966; x_wconf 85' lang='lat' dir='ltr'>interficere</span> <span class='ocrx_word' id='word_1_78' title='bbox 538 923 817 973; x_wconf 83' lang='lat' dir='ltr'>innocentem,</span> <span class='ocrx_word' id='word_1_79' title='bbox 841 922 1129 976; x_wconf 89' lang='lat' dir='ltr'>derelinquere</span> <span class='ocrx_word' id='word_1_80' title='bbox 1151 922 1278 964; x_wconf 91' lang='lat' dir='ltr'>fidem</span> <span class='ocrx_word' id='word_1_81' title='bbox 1301 923 1603 976; x_wconf 88' lang='lat' dir='ltr'>euangelicam,</span> 
     </span>
     <span class='ocr_line' id='line_1_11' title="bbox 56 991 1605 1048; baseline -0.001 -12"><span class='ocrx_word' id='word_1_82' title='bbox 56 1006 87 1030; x_wconf 79' lang='grc' dir='ltr'>ιο</span> <span class='ocrx_word' id='word_1_83' title='bbox 105 994 258 1048; x_wconf 90' lang='lat' dir='ltr'>poterit</span> <span class='ocrx_word' id='word_1_84' title='bbox 288 1006 367 1035; x_wconf 92' lang='lat' dir='ltr'>non</span> <span class='ocrx_word' id='word_1_85' title='bbox 399 993 534 1036; x_wconf 91' lang='lat' dir='ltr'>solum</span> <span class='ocrx_word' id='word_1_86' title='bbox 564 993 668 1034; x_wconf 89' lang='lat' dir='ltr'>haec</span> <span class='ocrx_word' id='word_1_87' title='bbox 700 1005 809 1045; x_wconf 85' lang='lat' dir='ltr'>pars,</span> <span class='ocrx_word' id='word_1_88' title='bbox 843 991 918 1033; x_wconf 90' lang='lat' dir='ltr'>sed</span> <span class='ocrx_word' id='word_1_89' title='bbox 941 991 983 1033; x_wconf 90' lang='lat' dir='ltr'>et</span> <span class='ocrx_word' id='word_1_90' title='bbox 1002 992 1138 1033; x_wconf 76' lang='lat' dir='ltr'>&#39;totum</span> <span class='ocrx_word' id='word_1_91' title='bbox 1160 1004 1309 1044; x_wconf 90' lang='lat' dir='ltr'>corpus</span> <span class='ocrx_word' id='word_1_92' title='bbox 1334 992 1605 1045; x_wconf 88' lang='lat' dir='ltr'>epistolarum</span> 
     </span>
     <span class='ocr_line' id='line_1_12' title="bbox 104 1060 1605 1116; baseline 0 -12"><span class='ocrx_word' id='word_1_93' title='bbox 104 1063 217 1105; x_wconf 89' lang='lat' dir='ltr'>beati</span> <span class='ocrx_word' id='word_1_94' title='bbox 249 1063 427 1116; x_wconf 86' lang='lat' dir='ltr'>apostoli</span> <span class='ocrx_word' id='word_1_95' title='bbox 456 1063 541 1105; x_wconf 82' lang='lat' dir='ltr'>tuis</span> <span class='ocrx_word' id='word_1_96' title='bbox 572 1062 849 1115; x_wconf 84' lang='lat' dir='ltr'>patrocinium</span> <span class='ocrx_word' id='word_1_97' title='bbox 870 1061 1070 1114; x_wconf 85' lang='lat' dir='ltr'>praebere</span> <span class='ocrx_word' id='word_1_98' title='bbox 1092 1060 1509 1114; x_wconf 81' lang='lat' dir='ltr'>praescriptionibus3</span> <span class='ocrx_word' id='word_1_99' title='bbox 1542 1062 1605 1104; x_wconf 92' lang='lat' dir='ltr'>sin</span> 
     </span>
     <span class='ocr_line' id='line_1_13' title="bbox 105 1130 1604 1186; baseline -0.001 -12"><span class='ocrx_word' id='word_1_100' title='bbox 105 1132 220 1174; x_wconf 88' lang='lat' dir='ltr'>fauet</span> <span class='ocrx_word' id='word_1_101' title='bbox 249 1132 645 1186; x_wconf 85' lang='lat' dir='ltr'>praescriptionibus</span> <span class='ocrx_word' id='word_1_102' title='bbox 675 1131 760 1172; x_wconf 89' lang='lat' dir='ltr'>tuis</span> <span class='ocrx_word' id='word_1_103' title='bbox 791 1130 905 1172; x_wconf 90' lang='lat' dir='ltr'>nulla</span> <span class='ocrx_word' id='word_1_104' title='bbox 936 1142 1031 1183; x_wconf 89' lang='lat' dir='ltr'>pars</span> <span class='ocrx_word' id='word_1_105' title='bbox 1054 1142 1268 1171; x_wconf 86' lang='lat' dir='ltr'>sacrarum</span> <span class='ocrx_word' id='word_1_106' title='bbox 1291 1130 1604 1183; x_wconf 86' lang='lat' dir='ltr'>scripturarum,</span> 
     </span>
     <span class='ocr_line' id='line_1_14' title="bbox 107 1200 1605 1253; baseline -0.001 -10"><span class='ocrx_word' id='word_1_107' title='bbox 107 1202 170 1243; x_wconf 91' lang='lat' dir='ltr'>est</span> <span class='ocrx_word' id='word_1_108' title='bbox 199 1202 294 1243; x_wconf 91' lang='lat' dir='ltr'>luce</span> <span class='ocrx_word' id='word_1_109' title='bbox 326 1201 480 1243; x_wconf 87' lang='lat' dir='ltr'>clarius</span> <span class='ocrx_word' id='word_1_110' title='bbox 519 1201 789 1242; x_wconf 83' lang='lat' dir='ltr'>manifestum</span> <span class='ocrx_word' id='word_1_111' title='bbox 819 1200 861 1241; x_wconf 90' lang='lat' dir='ltr'>te</span> <span class='ocrx_word' id='word_1_112' title='bbox 894 1200 970 1241; x_wconf 91' lang='lat' dir='ltr'>sub</span> <span class='ocrx_word' id='word_1_113' title='bbox 1001 1200 1268 1241; x_wconf 86' lang='lat' dir='ltr'>tenebrarum</span> <span class='ocrx_word' id='word_1_114' title='bbox 1301 1200 1453 1252; x_wconf 85' lang='lat' dir='ltr'>degere</span> <span class='ocrx_word' id='word_1_115' title='bbox 1484 1200 1605 1253; x_wconf 88' lang='lat' dir='ltr'>pote-</span> 
     </span>
     <span class='ocr_line' id='line_1_15' title="bbox 106 1268 1606 1322; baseline 0 -11"><span class='ocrx_word' id='word_1_116' title='bbox 106 1271 236 1319; x_wconf 80' lang='lat' dir='ltr'>state3</span> <span class='ocrx_word' id='word_1_117' title='bbox 268 1269 379 1312; x_wconf 90' lang='lat' dir='ltr'>unde</span> <span class='ocrx_word' id='word_1_118' title='bbox 412 1271 454 1313; x_wconf 89' lang='lat' dir='ltr'>et</span> <span class='ocrx_word' id='word_1_119' title='bbox 485 1271 679 1312; x_wconf 88' lang='lat' dir='ltr'>effectum</span> <span class='ocrx_word' id='word_1_120' title='bbox 711 1270 778 1320; x_wconf 90' lang='lat' dir='ltr'>sit,</span> <span class='ocrx_word' id='word_1_121' title='bbox 825 1269 870 1310; x_wconf 77' lang='lat' dir='ltr'>ut</span> <span class='ocrx_word' id='word_1_122' title='bbox 910 1268 1012 1310; x_wconf 90' lang='lat' dir='ltr'>nihil</span> <span class='ocrx_word' id='word_1_123' title='bbox 1053 1268 1103 1310; x_wconf 91' lang='lat' dir='ltr'>de</span> <span class='ocrx_word' id='word_1_124' title='bbox 1143 1268 1275 1310; x_wconf 85' lang='lat' dir='ltr'>sacris</span> <span class='ocrx_word' id='word_1_125' title='bbox 1307 1269 1606 1322; x_wconf 86' lang='lat' dir='ltr'>scripturarum</span> 
     </span>
     <span class='ocr_line' id='line_1_16' title="bbox 57 1337 1605 1392; baseline 0.001 -12"><span class='ocrx_word' id='word_1_126' title='bbox 57 1349 87 1374; x_wconf 82' lang='lat'>¹⁵</span> <span class='ocrx_word' id='word_1_127' title='bbox 105 1339 294 1381; x_wconf 85' lang='lat' dir='ltr'>hauseris</span> <span class='ocrx_word' id='word_1_128' title='bbox 325 1339 521 1389; x_wconf 86' lang='lat' dir='ltr'>fontibus,</span> <span class='ocrx_word' id='word_1_129' title='bbox 563 1339 674 1392; x_wconf 91' lang='lat' dir='ltr'>quod</span> <span class='ocrx_word' id='word_1_130' title='bbox 712 1339 754 1379; x_wconf 85' lang='lat' dir='ltr'>te</span> <span class='ocrx_word' id='word_1_131' title='bbox 795 1337 1002 1392; x_wconf 91' lang='lat' dir='ltr'>potuisset</span> <span class='ocrx_word' id='word_1_132' title='bbox 1034 1350 1057 1379; x_wconf 86' lang='lat' dir='ltr'>a</span> <span class='ocrx_word' id='word_1_133' title='bbox 1086 1338 1215 1379; x_wconf 87' lang='lat' dir='ltr'>tantis</span> <span class='ocrx_word' id='word_1_134' title='bbox 1244 1350 1461 1380; x_wconf 90' lang='lat' dir='ltr'>remouere</span> <span class='ocrx_word' id='word_1_135' title='bbox 1492 1340 1605 1392; x_wconf 88' lang='lat' dir='ltr'>peri-</span> 
     </span>
     <span class='ocr_line' id='line_1_17' title="bbox 106 1407 1607 1462; baseline 0.001 -13"><span class='ocrx_word' id='word_1_136' title='bbox 106 1408 223 1450; x_wconf 92' lang='lat' dir='ltr'>culis.</span> <span class='ocrx_word' id='word_1_137' title='bbox 257 1409 292 1450; x_wconf 90' lang='lat' dir='ltr'>si</span> <span class='ocrx_word' id='word_1_138' title='bbox 325 1408 434 1450; x_wconf 90' lang='lat' dir='ltr'>enim</span> <span class='ocrx_word' id='word_1_139' title='bbox 465 1421 545 1450; x_wconf 91' lang='lat' dir='ltr'>non</span> <span class='ocrx_word' id='word_1_140' title='bbox 575 1409 618 1449; x_wconf 87' lang='lat' dir='ltr'>te</span> <span class='ocrx_word' id='word_1_141' title='bbox 650 1408 838 1461; x_wconf 90' lang='lat' dir='ltr'>potestas</span> <span class='ocrx_word' id='word_1_142' title='bbox 868 1407 1136 1449; x_wconf 87' lang='lat' dir='ltr'>tenebrarum</span> <span class='ocrx_word' id='word_1_143' title='bbox 1169 1408 1244 1449; x_wconf 93' lang='lat' dir='ltr'>sub</span> <span class='ocrx_word' id='word_1_144' title='bbox 1277 1407 1342 1449; x_wconf 86' lang='lat' dir='ltr'>sui</span> <span class='ocrx_word' id='word_1_145' title='bbox 1372 1408 1607 1462; x_wconf 86' lang='lat' dir='ltr'>redegisset</span> 
     </span>
     <span class='ocr_line' id='line_1_18' title="bbox 107 1476 1607 1531; baseline 0 -12"><span class='ocrx_word' id='word_1_146' title='bbox 107 1477 275 1528; x_wconf 80' lang='lat' dir='ltr'>ditione,</span> <span class='ocrx_word' id='word_1_147' title='bbox 315 1478 500 1531; x_wconf 87' lang='lat' dir='ltr'>profecto</span> <span class='ocrx_word' id='word_1_148' title='bbox 531 1477 734 1519; x_wconf 88' lang='lat' dir='ltr'>retineres</span> <span class='ocrx_word' id='word_1_149' title='bbox 766 1489 873 1530; x_wconf 87' lang='lat' dir='ltr'>quae</span> <span class='ocrx_word' id='word_1_150' title='bbox 905 1476 1194 1529; x_wconf 87' lang='lat' dir='ltr'>Philippenses</span> <span class='ocrx_word' id='word_1_151' title='bbox 1227 1476 1423 1518; x_wconf 88' lang='lat' dir='ltr'>audiunt:</span> <span class='ocrx_word' id='word_1_152' title='bbox 1464 1478 1607 1519; x_wconf 82' lang='lat' dir='ltr'>coimi-</span> 
     </span>
     <span class='ocr_line' id='line_1_19' title="bbox 106 1545 1606 1600; baseline 0 -13"><span class='ocrx_word' id='word_1_153' title='bbox 106 1548 259 1588; x_wconf 85' lang='lat' dir='ltr'>tatores</span> <span class='ocrx_word' id='word_1_154' title='bbox 288 1547 369 1588; x_wconf 84' lang='lat' dir='ltr'>mei</span> <span class='ocrx_word' id='word_1_155' title='bbox 401 1549 537 1599; x_wconf 85' lang='lat' dir='ltr'>estote,</span> <span class='ocrx_word' id='word_1_156' title='bbox 568 1548 740 1600; x_wconf 76' lang='lat' dir='ltr'>fratres,</span> <span class='ocrx_word' id='word_1_157' title='bbox 774 1549 811 1587; x_wconf 85' lang='lat' dir='ltr'>et</span> <span class='ocrx_word' id='word_1_158' title='bbox 840 1545 1051 1587; x_wconf 78' lang='lat' dir='ltr'>obseruate</span> <span class='ocrx_word' id='word_1_159' title='bbox 1081 1559 1146 1587; x_wconf 84' lang='lat' dir='ltr'>eos</span> <span class='ocrx_word' id='word_1_160' title='bbox 1175 1546 1250 1599; x_wconf 77' lang='lat' dir='ltr'>qui</span> <span class='ocrx_word' id='word_1_161' title='bbox 1279 1546 1340 1588; x_wconf 82' lang='lat' dir='ltr'>sie</span> <span class='ocrx_word' id='word_1_162' title='bbox 1371 1547 1606 1598; x_wconf 77' lang='lat' dir='ltr'>ambulant,</span> 
     </span>
     <span class='ocr_line' id='line_1_20' title="bbox 104 1614 1608 1669; baseline 0.001 -12"><span class='ocrx_word' id='word_1_163' title='bbox 104 1615 215 1657; x_wconf 82' lang='lat' dir='ltr'>sicut</span> <span class='ocrx_word' id='word_1_164' title='bbox 242 1614 403 1656; x_wconf 81' lang='lat' dir='ltr'>habetis</span> <span class='ocrx_word' id='word_1_165' title='bbox 431 1615 616 1668; x_wconf 82' lang='lat' dir='ltr'>formam</span> <span class='ocrx_word' id='word_1_166' title='bbox 654 1617 856 1658; x_wconf 82' lang='lat' dir='ltr'>nostram.</span> <span class='ocrx_word' id='word_1_167' title='bbox 916 1615 1043 1656; x_wconf 73' lang='lat' dir='ltr'>inulti</span> <span class='ocrx_word' id='word_1_168' title='bbox 1080 1615 1193 1656; x_wconf 85' lang='lat' dir='ltr'>enim</span> <span class='ocrx_word' id='word_1_169' title='bbox 1232 1615 1467 1668; x_wconf 82' lang='lat' dir='ltr'>ambulant,</span> <span class='ocrx_word' id='word_1_170' title='bbox 1506 1629 1608 1669; x_wconf 81' lang='lat' dir='ltr'>quos</span> 
     </span>
     <span class='ocr_line' id='line_1_21' title="bbox 54 1683 1607 1738; baseline 0.001 -13"><span class='ocrx_word' id='word_1_171' title='bbox 54 1692 88 1717; x_wconf 83' lang='lat'>20</span> <span class='ocrx_word' id='word_1_172' title='bbox 105 1696 226 1737; x_wconf 82' lang='lat' dir='ltr'>saepe</span> <span class='ocrx_word' id='word_1_173' title='bbox 255 1683 439 1726; x_wconf 80' lang='lat' dir='ltr'>dicebam</span> <span class='ocrx_word' id='word_1_174' title='bbox 469 1683 600 1735; x_wconf 82' lang='lat' dir='ltr'>uobis,</span> <span class='ocrx_word' id='word_1_175' title='bbox 630 1697 746 1726; x_wconf 86' lang='lat' dir='ltr'>nunc</span> <span class='ocrx_word' id='word_1_176' title='bbox 766 1686 907 1726; x_wconf 79' lang='lat' dir='ltr'>autem</span> <span class='ocrx_word' id='word_1_177' title='bbox 929 1687 967 1726; x_wconf 88' lang='lat' dir='ltr'>et</span> <span class='ocrx_word' id='word_1_178' title='bbox 983 1684 1088 1737; x_wconf 78' lang='lat' dir='ltr'>flens</span> <span class='ocrx_word' id='word_1_179' title='bbox 1113 1684 1219 1738; x_wconf 85' lang='lat' dir='ltr'>dico,</span> <span class='ocrx_word' id='word_1_180' title='bbox 1250 1684 1448 1727; x_wconf 82' lang='lat' dir='ltr'>inimicos</span> <span class='ocrx_word' id='word_1_181' title='bbox 1469 1686 1607 1727; x_wconf 79' lang='lat' dir='ltr'>crucis</span> 
     </span>
     <span class='ocr_line' id='line_1_22' title="bbox 110 1753 1608 1807; baseline -0.001 -11"><span class='ocrx_word' id='word_1_182' title='bbox 110 1753 285 1804; x_wconf 82' lang='lat' dir='ltr'>Christi,</span> <span class='ocrx_word' id='word_1_183' title='bbox 317 1766 496 1806; x_wconf 78' lang='lat' dir='ltr'>quorum</span> <span class='ocrx_word' id='word_1_184' title='bbox 525 1753 628 1806; x_wconf 68' lang='lat' dir='ltr'>finis</span> <span class='ocrx_word' id='word_1_185' title='bbox 659 1756 717 1795; x_wconf 87' lang='lat' dir='ltr'>est</span> <span class='ocrx_word' id='word_1_186' title='bbox 746 1754 959 1806; x_wconf 81' lang='lat' dir='ltr'>interitus,</span> <span class='ocrx_word' id='word_1_187' title='bbox 1002 1767 1181 1807; x_wconf 78' lang='lat' dir='ltr'>quorum</span> <span class='ocrx_word' id='word_1_188' title='bbox 1221 1755 1322 1796; x_wconf 81' lang='lat' dir='ltr'>deus</span> <span class='ocrx_word' id='word_1_189' title='bbox 1360 1756 1507 1796; x_wconf 82' lang='lat' dir='ltr'>uenter</span> <span class='ocrx_word' id='word_1_190' title='bbox 1537 1757 1608 1805; x_wconf 87' lang='lat' dir='ltr'>est,</span> 
     </span>
     <span class='ocr_line' id='line_1_23' title="bbox 109 1822 1433 1878; baseline 0.001 -15"><span class='ocrx_word' id='word_1_191' title='bbox 109 1824 149 1863; x_wconf 89' lang='lat' dir='ltr'>et</span> <span class='ocrx_word' id='word_1_192' title='bbox 175 1822 319 1876; x_wconf 78' lang='lat' dir='ltr'>yloria</span> <span class='ocrx_word' id='word_1_193' title='bbox 347 1822 396 1864; x_wconf 84' lang='lat' dir='ltr'>in</span> <span class='ocrx_word' id='word_1_194' title='bbox 427 1824 672 1876; x_wconf 80' lang='lat' dir='ltr'>confusione</span> <span class='ocrx_word' id='word_1_195' title='bbox 702 1823 907 1875; x_wconf 81' lang='lat' dir='ltr'>ipsorum,</span> <span class='ocrx_word' id='word_1_196' title='bbox 939 1823 1014 1876; x_wconf 79' lang='lat' dir='ltr'>qui</span> <span class='ocrx_word' id='word_1_197' title='bbox 1046 1826 1215 1865; x_wconf 80' lang='lat' dir='ltr'>terrena</span> <span class='ocrx_word' id='word_1_198' title='bbox 1243 1824 1433 1878; x_wconf 83' lang='lat' dir='ltr'>sapiunt.</span> 
     </span>
     <span class='ocr_line' id='line_1_24' title="bbox 162 1891 1607 1946; baseline 0 -12"><span class='ocrx_word' id='word_1_199' title='bbox 162 1891 383 1934; x_wconf 89' lang='lat' dir='ltr'>XXVIIII.</span> <span class='ocrx_word' id='word_1_200' title='bbox 416 1892 543 1934; x_wconf 82' lang='lat' dir='ltr'>Dicas</span> <span class='ocrx_word' id='word_1_201' title='bbox 575 1892 710 1945; x_wconf 89' lang='lat' dir='ltr'>cupio,</span> <span class='ocrx_word' id='word_1_202' title='bbox 750 1891 1074 1945; x_wconf 87' lang='lat' dir='ltr'>prudentissime</span> <span class='ocrx_word' id='word_1_203' title='bbox 1106 1892 1345 1946; x_wconf 88' lang='lat' dir='ltr'>imperator,</span> <span class='ocrx_word' id='word_1_204' title='bbox 1385 1893 1426 1934; x_wconf 94' lang='lat' dir='ltr'>in</span> <span class='ocrx_word' id='word_1_205' title='bbox 1459 1893 1607 1946; x_wconf 87' lang='lat' dir='ltr'>quibus</span> 
     </span>
     <span class='ocr_line' id='line_1_25' title="bbox 110 1959 1608 2015; baseline 0.001 -14"><span class='ocrx_word' id='word_1_206' title='bbox 110 1959 311 2003; x_wconf 88' lang='lat' dir='ltr'>debemus</span> <span class='ocrx_word' id='word_1_207' title='bbox 343 1960 452 2002; x_wconf 86' lang='lat' dir='ltr'>effici</span> <span class='ocrx_word' id='word_1_208' title='bbox 482 1961 768 2003; x_wconf 87' lang='lat' dir='ltr'>coimitatores</span> <span class='ocrx_word' id='word_1_209' title='bbox 801 1961 992 2015; x_wconf 86' lang='lat' dir='ltr'>apostoli,</span> <span class='ocrx_word' id='word_1_210' title='bbox 1027 1961 1131 2003; x_wconf 89' lang='lat' dir='ltr'>doce</span> <span class='ocrx_word' id='word_1_211' title='bbox 1164 1962 1370 2015; x_wconf 87' lang='lat' dir='ltr'>apostata,</span> <span class='ocrx_word' id='word_1_212' title='bbox 1404 1962 1438 2003; x_wconf 87' lang='lat' dir='ltr'>si</span> <span class='ocrx_word' id='word_1_213' title='bbox 1470 1962 1608 2004; x_wconf 90' lang='lat' dir='ltr'>homi-</span> 
     </span>
     <span class='ocr_line' id='line_1_26' title="bbox 56 2030 1608 2084; baseline 0 -12"><span class='ocrx_word' id='word_1_214' title='bbox 56 2030 203 2072; x_wconf 61' lang='lat' dir='ltr'>acida</span> <span class='ocrx_word' id='word_1_215' title='bbox 234 2030 312 2072; x_wconf 84' lang='lat' dir='ltr'>fuit</span> <span class='ocrx_word' id='word_1_216' title='bbox 343 2030 569 2084; x_wconf 90' lang='lat' dir='ltr'>apostolus,</span> <span class='ocrx_word' id='word_1_217' title='bbox 610 2030 645 2072; x_wconf 92' lang='lat' dir='ltr'>si</span> <span class='ocrx_word' id='word_1_218' title='bbox 685 2030 968 2084; x_wconf 89' lang='lat' dir='ltr'>blasphemus,</span> <span class='ocrx_word' id='word_1_219' title='bbox 1010 2031 1045 2073; x_wconf 89' lang='lat' dir='ltr'>si</span> <span class='ocrx_word' id='word_1_220' title='bbox 1087 2030 1358 2084; x_wconf 84' lang='lat' dir='ltr'>euangelicae-</span> <span class='ocrx_word' id='word_1_221' title='bbox 1398 2030 1498 2072; x_wconf 90' lang='lat' dir='ltr'>fidei</span> <span class='ocrx_word' id='word_1_222' title='bbox 1531 2031 1608 2072; x_wconf 89' lang='lat' dir='ltr'>de-</span> 
     </span>
     <span class='ocr_line' id='line_1_27' title="bbox 107 2098 1608 2154; baseline 0.001 -14"><span class='ocrx_word' id='word_1_223' title='bbox 107 2099 300 2150; x_wconf 88' lang='lat' dir='ltr'>structor,</span> <span class='ocrx_word' id='word_1_224' title='bbox 333 2098 368 2141; x_wconf 92' lang='lat' dir='ltr'>si</span> <span class='ocrx_word' id='word_1_225' title='bbox 399 2100 652 2154; x_wconf 87' lang='lat' dir='ltr'>sacrilegus;</span> <span class='ocrx_word' id='word_1_226' title='bbox 684 2101 787 2142; x_wconf 88' lang='lat' dir='ltr'>haec</span> <span class='ocrx_word' id='word_1_227' title='bbox 811 2100 965 2141; x_wconf 86' lang='lat' dir='ltr'>etenim</span> <span class='ocrx_word' id='word_1_228' title='bbox 997 2100 1137 2142; x_wconf 90' lang='lat' dir='ltr'>omnia</span> <span class='ocrx_word' id='word_1_229' title='bbox 1158 2100 1200 2142; x_wconf 92' lang='lat' dir='ltr'>et</span> <span class='ocrx_word' id='word_1_230' title='bbox 1222 2100 1446 2153; x_wconf 83' lang='lat' dir='ltr'>antequam</span> <span class='ocrx_word' id='word_1_231' title='bbox 1468 2100 1608 2143; x_wconf 88' lang='lat' dir='ltr'>credi-</span> 
     </span>
     <span class='ocr_line' id='line_1_28' title="bbox 108 2168 1610 2222; baseline 0.001 -13"><span class='ocrx_word' id='word_1_232' title='bbox 108 2168 240 2210; x_wconf 88' lang='lat' dir='ltr'>disset</span> <span class='ocrx_word' id='word_1_233' title='bbox 268 2168 310 2210; x_wconf 92' lang='lat' dir='ltr'>in</span> <span class='ocrx_word' id='word_1_234' title='bbox 342 2168 511 2210; x_wconf 89' lang='lat' dir='ltr'>unicum</span> <span class='ocrx_word' id='word_1_235' title='bbox 544 2168 612 2210; x_wconf 88' lang='lat' dir='ltr'>dei</span> <span class='ocrx_word' id='word_1_236' title='bbox 643 2168 776 2210; x_wconf 88' lang='lat' dir='ltr'>filium</span> <span class='ocrx_word' id='word_1_237' title='bbox 807 2169 959 2210; x_wconf 81' lang='lat' dir='ltr'>fecisse</span> <span class='ocrx_word' id='word_1_238' title='bbox 990 2181 1035 2211; x_wconf 90' lang='lat' dir='ltr'>se</span> <span class='ocrx_word' id='word_1_239' title='bbox 1067 2168 1297 2222; x_wconf 87' lang='lat' dir='ltr'>profitetur.</span> <span class='ocrx_word' id='word_1_240' title='bbox 1330 2169 1376 2210; x_wconf 88' lang='lat' dir='ltr'>tu</span> <span class='ocrx_word' id='word_1_241' title='bbox 1408 2181 1507 2210; x_wconf 85' lang='lat' dir='ltr'>uero</span> <span class='ocrx_word' id='word_1_242' title='bbox 1540 2169 1610 2222; x_wconf 89' lang='lat' dir='ltr'>qui</span> 
     </span>
     <span class='ocr_line' id='line_1_29' title="bbox 108 2237 1609 2291; baseline 0 -13"><span class='ocrx_word' id='word_1_243' title='bbox 108 2237 210 2279; x_wconf 88' lang='lat' dir='ltr'>haec</span> <span class='ocrx_word' id='word_1_244' title='bbox 252 2237 355 2279; x_wconf 89' lang='lat' dir='ltr'>facis</span> <span class='ocrx_word' id='word_1_245' title='bbox 406 2237 529 2279; x_wconf 90' lang='lat' dir='ltr'>hodie</span> <span class='ocrx_word' id='word_1_246' title='bbox 575 2249 684 2290; x_wconf 91' lang='lat' dir='ltr'>quae</span> <span class='ocrx_word' id='word_1_247' title='bbox 721 2237 792 2279; x_wconf 84' lang='lat' dir='ltr'>ille</span> <span class='ocrx_word' id='word_1_248' title='bbox 841 2238 935 2279; x_wconf 85' lang='lat' dir='ltr'>ante</span> <span class='ocrx_word' id='word_1_249' title='bbox 976 2237 1229 2291; x_wconf 84' lang='lat' dir='ltr'>agnitionem</span> <span class='ocrx_word' id='word_1_250' title='bbox 1270 2238 1381 2279; x_wconf 89' lang='lat' dir='ltr'>unici</span> <span class='ocrx_word' id='word_1_251' title='bbox 1430 2237 1495 2279; x_wconf 91' lang='lat' dir='ltr'>dei</span> <span class='ocrx_word' id='word_1_252' title='bbox 1534 2237 1609 2278; x_wconf 89' lang='lat' dir='ltr'>filii</span> 
     </span>
     <span class='ocr_line' id='line_1_30' title="bbox 109 2305 1608 2359; baseline 0 -12"><span class='ocrx_word' id='word_1_253' title='bbox 109 2305 305 2356; x_wconf 87' lang='lat' dir='ltr'>faciebat,</span> <span class='ocrx_word' id='word_1_254' title='bbox 346 2318 429 2359; x_wconf 89' lang='lat' dir='ltr'>qua</span> <span class='ocrx_word' id='word_1_255' title='bbox 472 2305 522 2347; x_wconf 90' lang='lat' dir='ltr'>de</span> <span class='ocrx_word' id='word_1_256' title='bbox 553 2319 598 2347; x_wconf 86' lang='lat' dir='ltr'>re</span> <span class='ocrx_word' id='word_1_257' title='bbox 639 2319 766 2348; x_wconf 87' lang='lat' dir='ltr'>ausus</span> <span class='ocrx_word' id='word_1_258' title='bbox 804 2305 920 2348; x_wconf 82' lang='lat' dir='ltr'>suisti</span> <span class='ocrx_word' id='word_1_259' title='bbox 950 2306 1094 2348; x_wconf 89' lang='lat' dir='ltr'>iubere</span> <span class='ocrx_word' id='word_1_260' title='bbox 1127 2306 1244 2347; x_wconf 91' lang='lat' dir='ltr'>nobis</span> <span class='ocrx_word' id='word_1_261' title='bbox 1277 2306 1432 2348; x_wconf 87' lang='lat' dir='ltr'>domini</span> <span class='ocrx_word' id='word_1_262' title='bbox 1464 2318 1608 2347; x_wconf 87' lang='lat' dir='ltr'>sacer-</span> 
     </span>
     <span class='ocr_line' id='line_1_31' title="bbox 54 2373 1607 2425; baseline -0.001 -9"><span class='ocrx_word' id='word_1_263' title='bbox 54 2382 90 2408; x_wconf 77' lang='lat'>³0</span> <span class='ocrx_word' id='word_1_264' title='bbox 112 2373 290 2425; x_wconf 89' lang='lat' dir='ltr'>dotibus,</span> <span class='ocrx_word' id='word_1_265' title='bbox 339 2375 384 2415; x_wconf 85' lang='lat' dir='ltr'>ut</span> <span class='ocrx_word' id='word_1_266' title='bbox 420 2373 684 2416; x_wconf 89' lang='lat' dir='ltr'>innocentem</span> <span class='ocrx_word' id='word_1_267' title='bbox 723 2374 1111 2424; x_wconf 54' lang='lat' dir='ltr'>condemnaremus</span> <span class='ocrx_word' id='word_1_268' title='bbox 1160 2375 1205 2415; x_wconf 87' lang='lat' dir='ltr'>ut</span> <span class='ocrx_word' id='word_1_269' title='bbox 1244 2374 1451 2416; x_wconf 87' lang='lat' dir='ltr'>haeresim</span> <span class='ocrx_word' id='word_1_270' title='bbox 1491 2375 1607 2415; x_wconf 87' lang='lat' dir='ltr'>tuam</span> 
     </span>
     <span class='ocr_line' id='line_1_32' title="bbox 110 2442 1609 2496; baseline 0.001 -12"><span class='ocrx_word' id='word_1_271' title='bbox 110 2442 384 2496; x_wconf 89' lang='lat' dir='ltr'>suscipientes</span> <span class='ocrx_word' id='word_1_272' title='bbox 429 2442 702 2496; x_wconf 88' lang='lat' dir='ltr'>apostolicam</span> <span class='ocrx_word' id='word_1_273' title='bbox 742 2442 870 2484; x_wconf 89' lang='lat' dir='ltr'>fidem</span> <span class='ocrx_word' id='word_1_274' title='bbox 902 2442 1230 2496; x_wconf 77' lang='lat' dir='ltr'>despueremus?</span> <span class='ocrx_word' id='word_1_275' title='bbox 1288 2443 1335 2483; x_wconf 90' lang='lat' dir='ltr'>tu</span> <span class='ocrx_word' id='word_1_276' title='bbox 1366 2455 1449 2496; x_wconf 88' lang='lat' dir='ltr'>qua</span> <span class='ocrx_word' id='word_1_277' title='bbox 1481 2443 1532 2484; x_wconf 88' lang='lat' dir='ltr'>de</span> <span class='ocrx_word' id='word_1_278' title='bbox 1565 2456 1609 2485; x_wconf 89' lang='lat' dir='ltr'>re</span> 
     </span>
     <span class='ocr_line' id='line_1_33' title="bbox 110 2510 1608 2566; baseline 0 -14"><span class='ocrx_word' id='word_1_279' title='bbox 110 2510 211 2553; x_wconf 87' lang='lat' dir='ltr'>haec</span> <span class='ocrx_word' id='word_1_280' title='bbox 243 2510 333 2552; x_wconf 88' lang='lat' dir='ltr'>fieri</span> <span class='ocrx_word' id='word_1_281' title='bbox 363 2511 614 2566; x_wconf 87' lang='lat' dir='ltr'>praecepisti</span> <span class='ocrx_word' id='word_1_282' title='bbox 645 2523 752 2565; x_wconf 89' lang='lat' dir='ltr'>quae</span> <span class='ocrx_word' id='word_1_283' title='bbox 784 2511 930 2553; x_wconf 89' lang='lat' dir='ltr'>contra</span> <span class='ocrx_word' id='word_1_284' title='bbox 960 2512 1135 2554; x_wconf 86' lang='lat' dir='ltr'>formam</span> <span class='ocrx_word' id='word_1_285' title='bbox 1168 2511 1345 2565; x_wconf 84' lang='lat' dir='ltr'>apostoli</span> <span class='ocrx_word' id='word_1_286' title='bbox 1378 2511 1474 2553; x_wconf 90' lang='lat' dir='ltr'>sunt</span> <span class='ocrx_word' id='word_1_287' title='bbox 1509 2524 1608 2565; x_wconf 87' lang='lat' dir='ltr'>pro-</span> 
     </span>
    </p>
   </div>
   <div class='ocr_carea' id='block_1_3' title="bbox 247 2669 1072 2714">
    <p class='ocr_par' dir='ltr' id='par_1_3' title="bbox 247 2669 1072 2714">
     <span class='ocr_line' id='line_1_34' title="bbox 247 2669 1072 2714; baseline 0.002 -11"><span class='ocrx_word' id='word_1_288' title='bbox 247 2670 268 2703; x_wconf 86' lang='lat'>5</span> <span class='ocrx_word' id='word_1_289' title='bbox 293 2669 379 2714; x_wconf 86' lang='lat' dir='ltr'>Eph.</span> <span class='ocrx_word' id='word_1_290' title='bbox 406 2670 439 2712; x_wconf 85' lang='lat'>5,</span> <span class='ocrx_word' id='word_1_291' title='bbox 467 2671 599 2705; x_wconf 79' lang='lat'>15—17</span> <span class='ocrx_word' id='word_1_292' title='bbox 696 2671 736 2705; x_wconf 87' lang='grc'>17</span> <span class='ocrx_word' id='word_1_293' title='bbox 763 2670 853 2705; x_wconf 89' lang='lat' dir='ltr'>Phil.</span> <span class='ocrx_word' id='word_1_294' title='bbox 878 2671 911 2709; x_wconf 89' lang='lat'>3,</span> <span class='ocrx_word' id='word_1_295' title='bbox 940 2671 1072 2705; x_wconf 80' lang='lat'>17-19</span> 
     </span>
    </p>
   </div>
   <div class='ocr_carea' id='block_1_4' title="bbox 112 2804 1611 2908">
    <p class='ocr_par' dir='ltr' id='par_1_4' title="bbox 112 2804 1611 2908">
     <span class='ocr_line' id='line_1_35' title="bbox 181 2804 1611 2851; baseline 0.001 -12"><span class='ocrx_word' id='word_1_296' title='bbox 181 2804 221 2839; x_wconf 92' lang='lat'>11</span> <span class='ocrx_word' id='word_1_297' title='bbox 255 2806 309 2840; x_wconf 89' lang='lat' dir='ltr'>sin</span> <span class='ocrx_word' id='word_1_298' title='bbox 336 2807 401 2849; x_wconf 87' lang='lat' dir='ltr'>(an</span> <span class='ocrx_word' id='word_1_299' title='bbox 426 2806 481 2840; x_wconf 84' lang='lat' dir='ltr'>sin</span> <span class='ocrx_word' id='word_1_300' title='bbox 505 2806 585 2851; x_wconf 79' lang='lat' dir='ltr'>iis?)</span> <span class='ocrx_word' id='word_1_301' title='bbox 620 2807 768 2851; x_wconf 82' lang='lat' dir='ltr'>scripsi,</span> <span class='ocrx_word' id='word_1_302' title='bbox 801 2807 896 2840; x_wconf 86' lang='lat' dir='ltr'>sinus</span> <span class='ocrx_word' id='word_1_303' title='bbox 929 2808 967 2847; x_wconf 89' lang='lat' dir='ltr'>V,</span> <span class='ocrx_word' id='word_1_304' title='bbox 1000 2807 1054 2841; x_wconf 89' lang='lat' dir='ltr'>sin</span> <span class='ocrx_word' id='word_1_305' title='bbox 1085 2807 1198 2840; x_wconf 83' lang='lat' dir='ltr'>minus</span> <span class='ocrx_word' id='word_1_306' title='bbox 1230 2818 1275 2849; x_wconf 70' lang='grc' dir='ltr'>ἐς</span> <span class='ocrx_word' id='word_1_307' title='bbox 1311 2808 1365 2842; x_wconf 88' lang='lat' dir='ltr'>sin</span> <span class='ocrx_word' id='word_1_308' title='bbox 1395 2808 1509 2842; x_wconf 87' lang='lat' dir='ltr'>minus</span> <span class='ocrx_word' id='word_1_309' title='bbox 1539 2807 1611 2843; x_wconf 84' lang='lat' dir='ltr'>ulla</span> 
     </span>
     <span class='ocr_line' id='line_1_36' title="bbox 112 2862 904 2908; baseline 0.001 -12"><span class='ocrx_word' id='word_1_310' title='bbox 112 2862 204 2898; x_wconf 85' lang='lat' dir='ltr'>coni.</span> <span class='ocrx_word' id='word_1_311' title='bbox 230 2862 411 2898; x_wconf 81' lang='lat' dir='ltr'>Latinius</span> <span class='ocrx_word' id='word_1_312' title='bbox 501 2863 549 2898; x_wconf 86' lang='lat'>30</span> <span class='ocrx_word' id='word_1_313' title='bbox 573 2863 904 2908; x_wconf 75' lang='lat' dir='ltr'>condempnaremus</span> 
     </span>
    </p>
   </div>
  </div>
 </body>
</html>
