1934 3278
394 273 447 308 De
472 283 541 307 non
566 272 739 318 parcendo
766 273 802 307 in
829 272 931 307 deum
960 270 1259 316 delinquentibus.
1508 270 1590 313 219

86 415 210 446 suum
239 400 288 443 de
316 413 450 442 marm
480 400 586 442 tua?
616 403 652 442 et
682 400 843 453 factam
874 403 945 453 est,
977 403 1022 441 ut
1055 400 1292 453 loqueretar
1312 401 1364 453 ei,
1395 400 1506 442 dixit
1532 401 1590 442 ad

83 486 197 516 eum:
241 469 451 523 numquid
480 469 778 511 consiliarium
808 469 919 523 reyis
949 469 1044 512 dedi
1074 471 1142 511 te?
1189 482 1291 510 caue
1322 468 1398 510 tibi
1429 482 1482 511 rie
1508 469 1590 518 fla-

83 541 258 598 yelleris.
299 538 440 587 uides,
474 537 714 587 Constanti,
754 550 879 591 quam
913 538 1100 579 amentes
1133 537 1386 587 efficiamini,
1420 539 1590 591 postea-

88 622 210 665 quam
240 607 447 662 placuerit
477 606 596 648 uobis
629 606 793 648 diabolo
834 606 975 647 uiuere
1016 605 1267 656 seruientes,
1317 607 1591 660 posteaquam

51 676 290 733 splaeuerit
328 675 447 717 uobis
488 675 648 717 nescire
692 675 816 716 deum
854 675 988 717 totum
1036 675 1269 729 potentem,
1318 676 1591 730 posteaquam

85 746 295 800 elegeritis
341 745 459 787 uobis
502 744 541 785 in
591 744 888 786 contumeliam
936 744 1002 785 dei
1050 757 1125 785 uos
1171 745 1359 798 oportere
1407 746 1591 787 statuere

84 814 377 858 idololatriam.
426 814 473 854 ut
512 813 620 854 enim
661 813 732 855 ille
775 813 899 854 dixit:
946 814 1156 866 numquid
1203 815 1248 855 in
1292 814 1592 857 consiliarium

83 884 192 940 reyis
221 884 319 926 dedi
348 885 423 925 te?
453 895 555 925 caue
585 883 662 924 tibi
692 896 744 924 ree
771 882 1009 936 flayelleris,
1041 882 1102 923 ita
1124 883 1166 923 et
1185 883 1245 931 tu,
1279 884 1487 936 numquid
1515 898 1591 926 uos

83 953 188 996 mihi
217 951 483 995 consiliarios
513 951 630 1006 elem,
665 945 783 1002 dicis,
816 954 865 993 ut
893 965 978 993 non
1003 954 1135 1004 prout
1164 951 1271 992 mihi
1298 952 1511 1004 placitum
1533 956 1590 994 est

34 1034 66 1061 ιο
81 1035 236 1078 geram,
269 1024 318 1063 ut
347 1034 433 1062 non
464 1020 574 1062 hanc
606 1024 768 1063 teneam
790 1022 911 1062 uiam
932 1034 1058 1074 quam
1082 1022 1261 1062 tenuerit
1283 1022 1477 1063 Arrius?
1514 1035 1590 1063 nee

83 1091 287 1145 conspicis
310 1101 389 1143 quo
413 1089 600 1142 exemplo
622 1089 827 1131 interierit
848 1089 1022 1131 Arrius?
1055 1089 1261 1142 quomodo
1283 1089 1323 1130 in
1349 1102 1442 1131 eum
1466 1091 1592 1132 fuerit

83 1161 341 1204 uindicatum
385 1159 613 1201 diuinitus?
658 1159 839 1210 interea,
882 1159 978 1213 quia
1011 1159 1116 1201 dicis
1149 1173 1221 1201 nos
1252 1159 1327 1202 tibi
1362 1172 1454 1201 esse
1487 1173 1590 1202 con-

82 1229 347 1278 tumeliosos,
384 1227 483 1269 uide
514 1228 621 1269 hune
656 1228 722 1269 dei
754 1228 963 1270 hominem
997 1241 1075 1270 non
1108 1229 1344 1282 pepercisse
1376 1229 1590 1270 consacri-

83 1299 177 1353 lego
215 1299 288 1340 tuo
327 1297 391 1339 illi
431 1297 538 1351 regi,
588 1297 661 1340 sed
703 1298 977 1351 posteaquam
1019 1298 1178 1339 dictum
1220 1298 1283 1340 est
1315 1298 1351 1339 ei
1401 1301 1499 1349 tace,
1541 1312 1592 1339 ne

34 1378 66 1405 1⁵
79 1368 324 1423 flagelleris,
359 1367 511 1409 dixisse
545 1367 597 1409 ad
629 1367 768 1409 illum:
815 1368 899 1409 scio
931 1381 1001 1422 cyo
1032 1368 1233 1421 (liconiam
1264 1368 1464 1409 dominas
1501 1368 1588 1409 dis-

74 1437 222 1492 perdet
252 1441 300 1491 te,
341 1437 413 1490 qui
442 1437 580 1490 fecisti
614 1437 726 1479 istud
757 1440 796 1479 et
824 1450 909 1478 non
940 1437 1151 1479 obaudisti
1182 1437 1407 1478 consiliam
1437 1450 1587 1478 meum.

81 1507 122 1549 in
154 1518 235 1560 qua
265 1518 309 1547 re
341 1518 414 1547 nos
447 1506 576 1548 sentis
608 1506 964 1548 contumeliosos?
995 1519 1141 1559 nempe
1166 1505 1263 1559 quia
1286 1505 1464 1547 dicimus
1487 1505 1588 1547 tibi:

82 1588 158 1618 nos
186 1575 354 1625 scimus,
386 1575 495 1628 quod
526 1575 650 1630 enim,
683 1575 771 1616 nisi
802 1574 876 1616 tibi
899 1575 1145 1628 prouidcre‘s
1176 1578 1223 1616 ut
1248 1575 1510 1616 convertaris
1532 1575 1589 1615 acl

80 1646 214 1693 deum,
246 1645 303 1686 sit
332 1646 370 1685 te
398 1643 595 1685 dominus
625 1644 683 1685 afl
712 1646 927 1686 aeternam
943 1656 1127 1697 poenam
1149 1644 1448 1685 damnatur-as.
1482 1643 1586 1684 haec

30 1722 64 1748 20
84 1714 148 1756 est
178 1712 453 1761 contumelia,
486 1713 588 1753 haee
623 1712 755 1754 omnis
786 1712 950 1756 iniuria..
985 1711 1081 1766 quia
1112 1712 1186 1754 tibi
1222 1712 1385 1753 dicatur
1417 1724 1489 1765 per
1522 1711 1589 1753 dei

86 1781 292 1823 antistites
323 1781 363 1822 in
397 1782 611 1822 aeternum
636 1782 678 1822 te
700 1781 978 1830 interiturum,
1012 1781 1088 1822 nisi
1113 1781 1342 1822 correxeris
1368 1781 1459 1822 uias
1480 1781 1587 1822 tuas.

81 1863 158 1892 non
199 1849 379 1891 credidit
419 1849 490 1890 ille
534 1862 605 1891 rex
647 1850 803 1891 homini
849 1849 927 1891 dei.
977 1849 1074 1903 quid
1114 1850 1256 1891 statim
1297 1850 1332 1891 ei
1374 1849 1587 1902 acciderit,

83 1917 184 1959 dicit
215 1917 360 1959 saneta
391 1917 597 1971 scriptura
629 1918 711 1959 sic:
749 1922 785 1961 et
815 1919 865 1960 iri
897 1922 1088 1972 tempore,
1122 1932 1201 1971 qao
1230 1918 1419 1961 discessit
1451 1919 1589 1959 Ama-

80 1988 168 2028 sias
198 2000 226 2027 a
254 1986 438 2038 domino,
472 1988 798 2028 insurrexerunt
827 1987 883 2028 acl
914 2001 1008 2029 eam
1039 1987 1358 2029 insurrectione.
1407 1990 1444 2028 et
1475 1987 1587 2041 suffit

31 2065 65 2093 25
81 2055 132 2098 ab
163 2054 433 2097 Hierusalem
463 2056 511 2096 iri
542 2055 713 2111 Laeliis,
754 2058 791 2098 et
824 2056 1121 2109 interfecerant
1144 2081 1207 2100 *m
1246 2069 1339 2097 eam
1379 2056 1426 2097 in
1457 2057 1583 2109 equis.

83 2123 139 2165 sie
181 2123 223 2164 et
262 2124 304 2164 te
344 2123 548 2165 malorum
594 2124 760 2165 tuorum
792 2124 905 2165 faeta
944 2125 1169 2177 potuerunt
1201 2136 1449 2165 conseruare
1481 2124 1587 2165 tueri

85 2204 129 2233 ae
178 2191 422 2242 defendere,
471 2192 678 2245 quomodo
719 2194 760 2234 et
798 2192 917 2234 illum
965 2192 1033 2246 qui
1079 2191 1181 2233 dixit
1222 2193 1376 2234 homini
1419 2192 1484 2233 dei
1517 2205 1589 2246 pro

86 2261 220 2303 salute
241 2261 374 2315 ipsius
398 2261 608 2314 loquenti:
640 2263 849 2315 numquid
869 2262 1164 2304 consiliarium
1188 2265 1223 2303 te
1244 2263 1334 2315 req&
1356 2262 1591 2303 constitui?

81 2333 180 2385 tace,
213 2344 265 2371 ‘ne
291 2330 530 2383 flayelleris.
572 2342 650 2371 non
684 2331 748 2371 est
780 2343 803 2371 a
835 2330 953 2371 nobis
983 2329 1162 2383 primum
1196 2331 1366 2375 sactum.
1401 2330 1432 2371 si
1469 2329 1588 2370 dica·

31 2407 174 2440 ³0mus
204 2398 280 2440 tibi
314 2398 487 2441 erranti.
537 2397 784 2440 ordinationi
819 2398 885 2440 dei
918 2399 1150 2443 resistenti,
1200 2411 1330 2439 nouas
1362 2399 1454 2440 uias
1487 2410 1588 2439 con-

85 2466 255 2508 stituere
294 2466 522 2508 laboranti:
571 2467 678 2508 mede
717 2468 828 2519 facis
858 2480 942 2508 uon
975 2469 1036 2508 irc
1058 2482 1138 2520 per
1171 2468 1309 2521 uiam,
1350 2481 1431 2520 per
1462 2481 1589 2520 qaam

85 2549 223 2578 omnes
254 2536 321 2577 dei
353 2536 528 2578 cultores
559 2537 615 2578 acl
647 2536 842 2578 caelestia
874 2550 1006 2591 rcyna
1030 2538 1331 2590 peruenerunt.

219 2649 238 2682 7
264 2647 297 2682 Π
321 2647 402 2684 Par.
427 2649 483 2690 25,
513 2650 554 2683 16
649 2650 692 2683 15
719 2649 764 2684 ib.
790 2650 846 2689 25,
876 2651 916 2683 16
1009 2650 1053 2683 23
1079 2649 1124 2683 ib.
1151 2649 1206 2690 25,
1234 2649 1276 2683 27

154 2750 194 2785 11
221 2749 291 2785 fuit
315 2762 334 2786 v
386 2739 389 2741 ‚
431 2751 473 2787 15
498 2752 657 2787 dominus
683 2752 767 2788 deus
793 2765 812 2788 v
905 2751 946 2788 21
975 2753 1163 2787 antestites
1256 2752 1301 2787 23
1326 2751 1499 2786 scribtura

86 2807 128 2841 25
152 2807 237 2842 lacis
340 2812 429 2853 post
455 2809 705 2845 interfecerunt
729 2810 923 2845 intercidit
950 2810 1058 2853 forts
1084 2812 1119 2843 et
1144 2809 1383 2854 imposuerunt
1494 2808 1589 2853 equis

90 2876 150 2919 Vv,
175 2875 299 2910 Lachis
327 2876 441 2912 Coleti
534 2878 577 2912 ‘26
603 2861 789 2933 potuera'i'nt
