1934 3278
289 294 346 338 54
947 292 1142 327 Luciferi

300 431 424 472 quam
457 431 603 459 uerum
637 418 791 460 domini
823 418 1082 471 prophetam⁷
1121 418 1181 459 ita
1214 418 1255 459 et
1284 418 1330 458 tu
1365 430 1479 459 anias
1512 418 1799 460 cohaereticos

291 488 387 529 tuos
419 487 631 538 Arrianos‚
664 488 847 541 ipsorum
882 486 1006 527 dictis
1040 487 1316 540 obtemperas,
1358 499 1431 528 nos
1464 500 1606 528 omnes
1639 487 1795 528 domini

292 556 535 598 sacerdotes
570 556 787 605 execraris,
822 555 955 608 primo
989 555 1184 597 omnium.
1219 568 1291 596 cur
1315 555 1381 596 dei
1403 555 1535 597 filium
1556 569 1702 597 uerum
1727 556 1794 597 dei

291 625 425 667 filium
458 624 744 674 confiteamur,
780 623 961 665 secundo
995 636 1067 665 cur
1100 636 1178 665 non
1209 624 1286 665 tibi
1320 624 1551 674 adulemur,
1586 638 1657 665 cur
1688 626 1729 666 te
1751 625 1793 666 in

291 693 476 747 periculo
511 707 601 735 esse
635 705 926 735 asseueramus
960 693 1001 733 et
1035 692 1237 742 dicamus,
1271 692 1349 733 nisi
1380 692 1423 733 te
1456 693 1713 734 conuerteris
1740 694 1793 734 ad

292 763 428 813 deum,
464 763 573 816 quod
607 763 662 804 sis
692 763 733 803 in
768 762 982 804 aeternam
1012 774 1189 815 poenam
1220 762 1433 802 uenturus.

346 831 462 872 VIII.
496 832 549 873 Et
579 833 626 872 ut
657 832 828 873 credere
860 831 996 885 possis
1021 831 1087 872 dei
1110 843 1273 884 semper
1301 831 1394 872 odio
1417 831 1582 872 habitos
1604 830 1794 873 homines

291 901 341 941 ab
374 900 610 942 hominibus
645 899 900 954 apostaticis,
936 900 1095 941 amatos
1128 912 1227 940 uero
1259 899 1450 941 inimicos
1473 899 1538 940 dei
1560 899 1791 953 religionis,

288 969 365 1010 hoc
401 969 463 1010 est
496 968 649 1010 diaboli
682 969 877 1019 cultores,
913 969 1055 1022 accipe
1079 981 1181 1022 quos
1206 968 1411 1009 amauerit
1431 968 1577 1010 Achab
1606 970 1645 1009 et
1669 981 1792 1022 quem

290 1036 384 1078 odio
416 1037 622 1079 habuerit.
683 1041 719 1079 et
758 1038 871 1080 dixit
902 1037 1072 1090 Iosafat
1113 1050 1186 1078 γεω
1216 1037 1333 1078 Iuda
1374 1037 1430 1078 ad
1462 1051 1595 1092 reyem
1628 1038 1767 1079 Israel
1780 1050 1793 1079 .·

288 1105 547 1159 interroyate
585 1120 701 1148 mmo
731 1107 853 1148 hodie
892 1106 1124 1149 dominum.
1183 1108 1219 1147 et
1260 1106 1512 1147 conuocauit
1550 1120 1623 1147 γεω
1654 1107 1792 1148 Israel

289 1187 429 1216 omnes
452 1174 684 1228 prophetas
716 1175 839 1228 quasi
871 1175 1204 1228 quadrinyentos
1234 1174 1363 1228 uiros,
1396 1177 1433 1216 et
1455 1174 1566 1215 dixit
1598 1175 1689 1216 illis
1721 1188 1794 1216 γεω

288 1242 459 1285 Achab.-
489 1244 528 1285 si
559 1244 622 1285 ibo
656 1244 702 1285 in
724 1244 903 1285 Remma
926 1244 982 1285 ad
1005 1242 1196 1285 Galaath
1216 1242 1265 1283 in
1279 1257 1474 1297 puynam
1497 1246 1574 1284 aut
1594 1244 1756 1285 cessabo
1771 1244 1793 1284 ,9

291 1314 328 1353 εὐ
359 1311 587 1354 dixeram.-
634 1313 820 1355 ascende.
886 1312 927 1354 et
956 1312 1081 1353 infra:
1130 1316 1166 1353 et
1205 1312 1315 1354 dixit
1354 1311 1524 1364 Iosafat
1562 1313 1618 1353 ad
1659 1326 1792 1366 reyem

290 1378 453 1423 Israel:
484 1394 570 1422 non
602 1385 661 1423 est
690 1382 756 1423 hic
783 1381 1002 1434 prophetes
1035 1381 1214 1435 domini,
1256 1384 1293 1422 et
1324 1381 1682 1435 interroyabimus
1717 1383 1787 1424 (Zo-

288 1449 491 1490 mimcm?
523 1453 560 1491 et
591 1450 700 1492 dixit
731 1450 877 1492 Achab
915 1464 989 1491 γεω
1020 1451 1158 1492 Israel
1191 1450 1247 1491 ad
1279 1450 1449 1503 Iosafat
1479 1463 1639 1504 reyem:
1679 1464 1793 1492 unus

289 1520 350 1558 est
376 1531 453 1569 per
485 1532 603 1571 quem
634 1520 938 1574 interroyemus
969 1519 1201 1570 dominum,
1235 1520 1306 1560 sed
1327 1533 1397 1574 (390
1429 1519 1655 1574 00111ῐῖ1101,
1688 1534 1788 1572 quo-

288 1588 410 1628 mam
441 1601 528 1628 non
560 1588 747 1641 loquitur
786 1589 834 1630 de
872 1602 934 1629 me
964 1589 1082 1629 bona.
1143 1588 1258 1629 item.
1302 1588 1578 1641 posteaquam
1619 1588 1793 1630 dixisset

286 1656 489 1709 propheta
520 1655 675 1697 domini
717 1657 769 1698 ad
798 1657 919 1697 illum
958 1657 1175 1698 Michaeas
1215 1669 1264 1697 ne
1299 1656 1559 1705 ascenderet,
1594 1657 1791 1710 quoniam

289 1724 323 1765 si
343 1723 614 1774 ascendisset,
638 1737 718 1766 non
742 1724 853 1766 esset
873 1737 1142 1765 reuersurus:
1166 1725 1277 1765 dixit
1294 1738 1368 1766 γεω
1390 1725 1529 1766 Israel
1553 1726 1608 1767 acl
1627 1727 1793 1778 Iosafat

288 1806 422 1846 reyem
455 1793 591 1834 Iuda:
626 1807 765 1835 nonne
795 1794 890 1835 dim·
921 1794 978 1835 acl
1010 1797 1057 1844 te,
1098 1794 1302 1846 quoniam
1325 1794 1556 1847 prophetat
1588 1795 1694 1836 mihi
1724 1795 1792 1837 hic

287 1876 374 1903 non
405 1862 525 1911 bona,
567 1863 635 1903 sed
666 1864 802 1915 magis
833 1863 987 1904 mala?
1040 1862 1294 1904 uidebantur
1324 1863 1437 1904 mala
1470 1864 1510 1904 et
1543 1864 1709 1904 excordi
1755 1864 1791 1905 ei

287 1943 410 1985 quem
436 1931 519 1972 iam
553 1931 775 1973 obsederat
808 1931 1010 1972 diabolus.
1044 1932 1157 1972 mala
1189 1944 1237 1972 ea
1269 1944 1373 1984 quae
1408 1944 1431 1972 a
1455 1932 1520 1973 dei
1546 1931 1790 1973 dicebantur

288 2012 408 2041 seruo
434 2000 474 2040 et
495 1999 569 2040 illa
585 2001 694 2041 bona
710 2000 1006 2041 indicabantur
1029 2013 1135 2053 quae
1160 2013 1183 2041 a
1200 2000 1332 2041 seruis
1356 2000 1600 2041 dicebantur
1621 2000 1787 2043 diaboli.

286 2081 361 2109 nec
395 2068 632 2110 mirandum
662 2069 819 2122 itaque,
854 2069 887 2110 si
908 2069 1003 2110 illos
1028 2069 1227 2110 audiebat
1249 2069 1406 2113 Achab.
1432 2081 1534 2122 quos
1557 2071 1603 2110 ut
1626 2070 1790 2111 audiret

286 2137 470 2178 faciebat
503 2137 707 2187 diabolus,
749 2137 959 2190 mancipia
989 2137 1190 2178 uidelicet
1221 2150 1308 2186 sua,
1353 2138 1393 2178 et
1434 2138 1468 2179 si
1507 2138 1602 2179 illos
1645 2139 1789 2180 audire

285 2205 427 2255 nollet,
462 2218 564 2259 quos
598 2206 700 2247 deus
724 2218 820 2248 suos
844 2218 934 2247 esse
958 2218 1100 2247 seruos
1125 2206 1165 2246 et
1185 2206 1276 2258 ipsa
1298 2206 1522 2247 tolerantia
1546 2208 1788 2260 passionum

288 2276 329 2317 et
359 2275 451 2328 ipsa
483 2275 719 2316 constantia
760 2275 1090 2316 adseuerationis
1121 2274 1418 2316 manifestabat
1447 2275 1543 2317 illis.
1604 2276 1789 2329 pseudo-

284 2344 513 2398 prophetae
554 2343 676 2384 ditati
716 2344 988 2396 honoratique
1030 2343 1189 2385 dimissi
1230 2345 1325 2385 sunt
1358 2357 1380 2385 a
1411 2357 1524 2398 rege,
1570 2345 1788 2386 Michaeas

284 2426 384 2455 uero
406 2413 608 2466 propheta
632 2412 785 2454 domini
811 2412 1042 2454 recluditur
1072 2413 1112 2453 in
1140 2425 1365 2461 carcerem,
1391 2414 1432 2454 et
1456 2413 1629 2454 dicitur:
1663 2428 1784 2456 man-

285 2483 403 2524 ducet
428 2495 587 2534 panem
618 2482 775 2523 doloris
805 2481 932 2522 donec
963 2482 1154 2532 γε(ῖε(ι)1ι;
1187 2482 1227 2522 et
1257 2481 1396 2522 tamen
1428 2481 1545 2522 iuxta
1577 2484 1687 2523 serui
1719 2482 1787 2523 dei

421 2584 463 2617 10
488 2583 538 2617 111
563 2583 648 2628 Reg.
675 2583 730 2623 22,
757 2584 788 2616 5.
815 2584 835 2617 6
984 2583 1027 2616 14
1052 2583 1098 2618 ib.
1125 2583 1180 2624 22,
1209 2584 1237 2618 7.
1264 2583 1284 2617 8
1425 2583 1467 2616 20
1493 2583 1539 2618 ib.
1567 2584 1620 2624 22,
1651 2584 1692 2618 18

284 2640 328 2674 30
353 2640 400 2674 ib.
427 2639 482 2680 22,
509 2639 551 2673 27

354 2731 369 2764 1
399 2732 435 2764 et
461 2730 545 2774 Col„
571 2732 609 2764 ut
632 2733 664 2765 V
730 2732 751 2764 4
778 2731 955 2765 adolemur
1027 2732 1047 2764 5
1066 2742 1258 2766 asseramus
1277 2732 1364 2774 fort.
1439 2732 1456 2764 Τ
1477 2735 1508 2765 εἴ
1529 2732 1570 2765 10
1587 2732 1691 2766 hodio

283 2788 304 2822 9
331 2791 363 2822 et
389 2788 442 2822 sic
471 2788 574 2830 infra
598 2787 755 2822 Iosafath
874 2788 917 2822 13
942 2789 1063 2833 galaat
1182 2789 1223 2821 15
1249 2788 1433 2832 prophetes
1462 2800 1489 2829 2³,
1516 2791 1633 2832 protes
1665 2790 1698 2823 V

285 2846 326 2880 16
353 2845 462 2890 acaph
581 2846 621 2878 17
647 2845 729 2879 hodi
848 2846 1139 2908 18cposteaque1n
1264 2847 1305 2880 19
1330 2846 1482 2880 micheas
1601 2847 1643 2880 22
1670 2848 1715 2890 et]
1744 2857 1785 2881 ea

282 2915 369 2957 fort.
465 2913 507 2947 25
535 2913 687 2947 audebat
781 2914 824 2947 29
850 2914 982 2948 niiheas

1814 1052 1847 1076 10

1815 1394 1848 1420 15

1811 1737 1845 1762 20

1811 2079 1843 2105 25

1807 2423 1841 2448 30
