1934 3278
476 213 528 247 De
554 223 624 247 non
648 212 821 258 parcendo
846 215 883 249 in
909 214 1011 250 deum
1038 215 1340 261 delinquentibus.
1587 219 1670 261 277

168 355 237 385 sus
267 344 310 383 te
340 341 518 384 bestiam
551 353 642 383 esse
676 340 928 396 designarit,
959 342 1142 397 {quando
1175 345 1216 386 et
1246 344 1402 388 Paulus
1434 347 1582 390 beatus
1615 348 1666 389 de

167 411 355 454 collectis
386 411 470 452 tuis
503 409 653 452 dixerit
674 410 965 453 Cretensibus:
1005 411 1214 455 Cretenses
1243 426 1404 467 semper
1435 417 1666 470 mendaces,

166 482 305 524 malae
343 481 514 533 bestiae,
560 483 724 522 uentre-s
758 481 893 535 pi-yrz)
947 482 988 522 et
1017 481 1145 524 infra:
1186 483 1450 536 quamobrem
1490 486 1666 539 increpa

166 551 259 593 illos
296 550 461 604 acriter,
501 551 550 590 ut
584 549 684 591 sani
719 549 808 590 sint
835 550 884 591 in
913 550 1015 604 fide,
1059 564 1145 592 non
1175 551 1435 594 intendentes
1467 553 1665 597 Iudaicis

130 625 148 651 ⁵
165 619 325 673 fabulis
355 621 391 660 et
421 617 642 659 mandatis
671 617 888 659 hominum
918 620 1216 660 auersantium
1238 634 1278 661 se
1299 634 1327 662 a
1348 622 1537 665 ueritate.
1570 623 1665 665 hinc

164 688 238 729 tibi
281 687 462 741 episcopi
502 699 644 728 sumus
681 686 892 737 iniuriosi,
935 687 1033 740 quia
1062 687 1104 729 te
1135 687 1397 742 increpemus
1431 691 1555 745 atque
1589 694 1666 735 ob-

165 759 399 812 iurgemus,
449 769 522 797 cur
561 755 689 797 fueris
732 768 857 797 ausus
901 757 1090 798 auertere
1130 758 1261 798 temet
1299 770 1322 799 a
1353 759 1551 811 ueritate,
1593 774 1666 803 cur

165 826 347 867 uolueris
379 825 445 867 dei
476 824 686 866 mandatis
719 825 931 866 derelictis
963 826 1176 867 hominum
1199 827 1370 868 haerere
1393 828 1664 882 blasphemiis

166 898 288 949 atque
320 894 542 944 mandatis,
577 907 649 935 cur
683 894 859 947 denique
893 894 1093 936 derelicto
1117 894 1194 936 deo
1215 895 1499 938 idololatriam
1522 910 1664 940 susce-

165 1032 394 1074 seeundum
435 1031 611 1085 apostoli
649 1033 918 1085 praeceptum
953 1033 992 1072 et
1023 1044 1103 1073 non
1136 1032 1365 1075 secundum
1398 1034 1506 1075 Arrii
1540 1036 1665 1089 atque

166 1101 416 1143 Iudaeorum
455 1100 665 1141 mandata.
719 1102 863 1142 contra
902 1101 976 1142 has
1016 1102 1178 1142 nostras
1215 1101 1467 1144 iustissimas
1502 1103 1665 1158 allega-

166 1170 300 1212 tiones
332 1170 479 1212 uidens
509 1170 550 1210 te
582 1169 761 1210 ueritate
794 1171 1036 1223 superatum
1070 1169 1207 1211 dicere
1241 1183 1285 1211 es
1318 1170 1486 1212 solitus:
1519 1186 1666 1215 sacrae

167 1241 403 1293 scripturae
424 1239 700 1292 praecipiunt
728 1239 894 1293 reyibus
925 1242 962 1281 et
993 1239 1183 1281 omnibus
1213 1239 1456 1293 deqentibus
1488 1241 1535 1282 in
1565 1241 1664 1283 sub-

114 1313 145 1337 ¹⁵
164 1309 342 1350 limitate
371 1308 510 1350 debere
540 1311 577 1350 te
607 1320 691 1350 esse
720 1308 933 1350 subditum
940 1325 957 1362 ,-
987 1311 1027 1349 et
1055 1310 1183 1350 audes
1211 1311 1335 1349 tanta
1355 1322 1405 1350 ac
1428 1307 1537 1350 talia
1557 1309 1665 1351 mihi

165 1378 359 1430 ἱηςιενενε,
392 1376 597 1429 Lucifer?
646 1377 748 1418 haec
782 1377 1000 1430 conspicis.
1034 1377 1272 1418 huiusmodi
1306 1389 1411 1431 quae
1443 1378 1485 1419 te
1517 1377 1663 1419 iubent

162 1447 353 1488 honorari
384 1445 615 1499 intellegis3
649 1458 754 1498 quae
787 1458 886 1487 uero
918 1446 959 1486 te
991 1446 1136 1488 iubent
1166 1446 1304 1487 facere
1334 1446 1410 1488 ina
1439 1447 1562 1501 fingis
1585 1460 1663 1489 non

164 1528 305 1558 nosse.
351 1514 425 1555 illa
464 1527 569 1567 quae
608 1515 649 1555 te
689 1515 885 1555 moneant
925 1514 1101 1556 dominis
1134 1515 1420 1557 sacerdotibus
1453 1516 1662 1566 oboedire,

164 1585 237 1625 illa
277 1597 382 1638 quae
422 1584 597 1636 urgeant
638 1597 762 1624 unum
801 1585 843 1625 te
886 1584 1077 1625 exhibere
1125 1597 1171 1624 ex
1214 1585 1403 1625 omnibus
1450 1585 1664 1627 conseruis

110 1653 246 1694 ²⁰tuis
287 1654 474 1706 oportere
516 1665 588 1693 nec
630 1653 824 1705 cuiquam
863 1654 925 1703 te,
974 1653 1007 1694 si
1040 1653 1145 1694 uelis
1188 1652 1254 1694 dei
1286 1653 1461 1694 inueniri
1503 1666 1662 1703 seruus,

164 1723 416 1775 superiorem
453 1721 604 1763 dicere.
638 1722 749 1776 haec,
781 1722 916 1775 inquit
940 1722 1033 1763 Tito
1059 1722 1207 1763 beatus
1241 1722 1467 1775 apostolus,
1500 1721 1664 1775 loquere

162 1795 199 1832 et
229 1791 444 1832 exhortare
474 1794 511 1832 et
541 1804 670 1844 arque
700 1805 793 1832 cum
825 1791 940 1832 omni
971 1792 1173 1844 imperto,-
1203 1804 1322 1832 nemo
1356 1794 1390 1832 te
1411 1793 1661 1834 contemnat.

164 1859 196 1900 si
231 1860 489 1901 Christianus
523 1873 587 1910 es,
630 1860 727 1914 quia
760 1861 801 1901 et
832 1861 876 1900 tu
909 1873 1015 1901 unus
1048 1861 1104 1901 sis
1138 1859 1188 1900 dc
1227 1859 1310 1901 illis
1353 1860 1520 1913 propter
1560 1872 1663 1913 quos

164 1927 331 1969 dixerit:
365 1929 463 1971 haec
495 1928 657 1982 loquere
686 1933 724 1970 et
754 1928 971 1971 exhortare
1002 1933 1037 1971 et
1060 1943 1190 1983 arque
1211 1942 1305 1972 cum
1325 1930 1440 1970 omni
1465 1930 1663 1981 imperio,-

110 1999 142 2024 ²⁵
164 2011 279 2039 nemo
311 2001 345 2039 te
377 2001 630 2051 contemnat,
664 1998 807 2051 utique
830 2011 896 2039 me
920 2011 1014 2039 cum
1042 1998 1151 2040 omni
1182 1998 1223 2038 te
1256 1997 1547 2051 corripientem
1580 1997 1662 2037 im-

162 2066 275 2119 perio
308 2066 451 2107 audire
484 2066 623 2116 debes,
658 2079 735 2108 11011
768 2068 1044 2108 contemnere.
1078 2068 1174 2107 tunc
1210 2066 1289 2107 eris
1321 2065 1595 2116 Christianus,
1628 2065 1661 2106 si

163 2146 229 2174 1110
263 2147 338 2175 non
372 2135 671 2188 contempseris
702 2136 937 2177 hortantem
970 2137 1011 2176 te
1044 2136 1090 2177 ut
1111 2147 1354 2188 perseueres
1378 2134 1660 2176 Christianus:

163 2202 195 2242 si
229 2215 327 2243 uero
367 2203 687 2256 contempseris,
734 2204 816 2244 iam
849 2216 927 2245 non
961 2204 1012 2245 de
1046 2203 1293 2246 Christianis
1325 2215 1416 2244 esse
1448 2202 1659 2251 inueniris,

162 2271 258 2323 quia
299 2271 331 2312 si
372 2272 521 2312 fuisses
562 2272 845 2322 Christianus,
899 2285 976 2313 non
1023 2272 1347 2325 contempsisses
1395 2284 1487 2312 eum
1537 2283 1659 2323 quem

108 2338 263 2380 wdeus
303 2340 557 2382 ordinauerit
601 2340 653 2381 ad
693 2340 978 2382 instruendam
1023 2341 1188 2393 plebem
1228 2353 1345 2382 suam
1387 2341 1428 2381 et
1467 2352 1559 2380 eum
1593 2339 1659 2380 cui

294 2466 316 2499 2
341 2465 408 2499 Tit.
438 2466 467 2503 1.
497 2465 537 2499 12
630 2466 651 2498 3
676 2464 721 2500 ib.
750 2465 780 2505 1,
810 2466 850 2499 13
944 2465 985 2498 21
1014 2464 1061 2499 ib.
1087 2465 1119 2506 2,
1148 2466 1190 2499 15

226 2581 247 2614 2
272 2581 457 2615 com—lectis
482 2581 541 2615 uel
565 2580 764 2615 combestiis
790 2582 883 2615 coni.
911 2582 1104 2624 Latinius,
1131 2581 1273 2623 collegis
1298 2581 1387 2623 fort.
1424 2582 1486 2624 (es.
1508 2594 1545 2626 p.
1574 2582 1658 2616 295.

157 2654 217 2692 30)
335 2633 508 2685 cretentes
535 2663 578 2685 m.
605 2655 622 2684 1
740 2651 760 2683 3
786 2632 899 2683 uentris
1015 2650 1035 2681 5
1061 2649 1237 2683 mandatis
1271 2651 1308 2688 V.
1335 2649 1523 2683 mendaciis
1552 2661 1569 2683 e·

160 2720 200 2753 13
227 2731 262 2753 es
287 2732 318 2760 υ,
345 2731 419 2755 esse
444 2722 476 2755 V
565 2731 660 2755 sacre
756 2721 796 2754 17
822 2720 969 2754 faeere„
995 2723 1046 2763 (et
1062 2722 1171 2763 ems.)
1271 2719 1312 2753 18
1337 2722 1505 2753 moneant
1530 2718 1658 2752 domini

158 2778 305 2820 scripsi,
331 2780 471 2811 moneat
496 2777 656 2811 dominus
687 2779 737 2812 Vr
841 2777 885 2811 ‘22
910 2780 1065 2812 exortare
1174 2779 1400 2820 contempnat
1425 2780 1460 2811 et
1485 2777 1538 2811 sic
1563 2776 1584 2810 l.
1610 2778 1660 2809 25

158 2837 190 2867 et
216 2836 264 2866 26
355 2834 399 2868 ‘28
424 2835 588 2868 inueniris
615 2835 762 2879 scripsi.
789 2835 961 2868 inueneris
994 2835 1042 2868 l'z·
