1934 3278
230 247 334 277 XIIII

238 358 425 401 damnari
463 356 640 398 iusserit.
674 381 727 386 —
763 355 856 404 161,
889 353 946 394 24
978 366 1053 395 cur
1083 353 1196 395 enim
1228 353 1473 406 eoyebamur
1502 378 1557 383 ——
1590 355 1730 394 tamen

226 426 507 468 communioni
527 426 795 465 misceremur
815 422 1120 463 Arrianorum.
1164 421 1205 462 in
1231 420 1498 463 adnotatione
1521 424 1567 462 ut
1588 424 1730 462 tamen

229 494 436 548 proposui,
469 493 544 534 sed
573 493 740 534 liberior
772 489 1025 532 coniuncbiui
1056 502 1157 532 usus
1180 502 1204 530 a
1226 489 1431 531 similibus
1452 489 1592 531 uerbis
1614 489 1732 531 uelut

226 563 441 613 mandare,
468 562 727 614 praecipere,
759 573 904 613 urycre
935 559 1125 612 suspensi
1159 558 1228 613 (cf.
1256 571 1293 611 p.
1318 558 1419 611 336)
1453 559 1559 599 hanc
1593 559 1730 611 suspi-

228 632 389 672 cionem
427 629 593 671 refutat.
646 629 748 669 ibem
791 627 884 677 173,
920 628 969 668 11
1009 630 1046 668 et
1083 630 1279 679 apostata
1309 640 1568 680 praecursor
1613 629 1729 669 anti-

228 699 375 740 christi
405 699 512 740 dicis
541 709 765 750 pronomen
796 699 854 750 tu,
890 694 1002 748 quod
1034 695 1142 745 ante,
1176 707 1255 736 non
1277 696 1372 748 post
1393 699 1587 747 apostata
1617 697 1729 738 inse-

227 780 319 809 rere
350 768 477 817 uolui,
511 766 766 820 superfluum
807 764 882 805 est.
914 790 970 795 -
1002 764 1099 815 224,
1131 763 1186 805 20
1218 764 1320 817 quid
1360 765 1579 817 coynoscis,
1623 764 1731 808 Gon-

229 837 375 887 stanti,
404 836 566 889 factum
596 848 678 876 esse
709 848 737 875 a
767 847 859 886 reye
890 832 1046 875 cultore
1076 833 1175 874 dei?
1221 836 1257 874 et
1288 845 1362 874 nos
1393 836 1429 874 te
1458 858 1513 863 —
1543 834 1732 886 percuti—

229 919 334 959 mus,
365 904 436 946 ubi
468 905 602 958 quid?
639 902 758 959 (hoc)
795 902 862 943 ue]
895 902 1001 954 quod
1027 926 1080 932 ——
1106 902 1186 956 dei⁷
1218 904 1257 943 et
1286 915 1361 943 nos
1393 903 1599 955 proposui,
1632 902 1734 944 nihil

231 973 477 1014 mutandum
501 972 574 1013 est.
619 972 753 1013 simile
777 971 886 1012 enim
909 970 973 1012 est
995 971 1061 1020 38,
1087 970 1140 1011 16
1162 970 1263 1023 quid
1285 971 1411 1011 sentis
1433 971 1638 1012 arbitrari
1659 985 1734 1012 nos

222 1055 342 1095 posse
380 1042 647 1084 Christianos
685 1041 826 1094 eripi?
873 1039 971 1081 dum
1014 1039 1123 1092 apud
1157 1038 1400 1081 Ciceronem
1432 1052 1526 1081 cum
1558 1040 1734 1081 formula

230 1111 393 1152 tantum
424 1111 525 1164 quid
555 1122 691 1152 censes
725 1108 793 1162 (cf.
829 1108 878 1149 de
911 1108 993 1149 nat.
1028 1108 1065 1149 3.
1094 1109 1129 1158 1,
1152 1108 1219 1148 27.
1246 1108 1310 1149 78.
1346 1108 1396 1149 (16
1428 1121 1484 1150 or.
1517 1109 1556 1159 3,
1589 1109 1627 1149 9.
1659 1109 1732 1161 34>

230 1180 295 1220 hic
328 1192 429 1221 usus
460 1179 705 1221 coniunctus
738 1190 828 1219 esse
861 1177 1040 1219 uidetur.
1064 1201 1119 1208 -—
1140 1177 1236 1221 242,
1263 1179 1282 1218 1
1307 1177 1527 1219 dominum
1546 1181 1735 1219 nostrum

236 1248 329 1303 (in)
355 1262 474 1301 quem
504 1248 648 1289 omnia
676 1249 880 1299 potentem
900 1249 947 1287 ut
967 1259 1044 1288 nos
1065 1246 1274 1288 credimus
1295 1247 1513 1288 credentes.
1546 1245 1733 1298 plerum-

231 1329 310 1369 que
343 1316 511 1369 quidem
542 1316 702 1357 credere
733 1315 781 1356 in
813 1315 1009 1367 aliquem,
1050 1314 1190 1355 tamen
1231 1314 1296 1355 hic
1336 1313 1422 1355 illic
1456 1315 1618 1356 credere
1648 1315 1733 1356 ali-

229 1399 350 1437 quem
383 1385 532 1426 dicitur
567 1385 634 1439 (cf.
658 1397 695 1437 p.
721 1383 835 1436 358).
863 1409 911 1414 -
936 1384 1032 1434 249,
1066 1385 1092 1424 2
1125 1396 1172 1425 ex
1207 1382 1416 1437 asyndehis
1447 1396 1575 1424 unum
1607 1383 1733 1437 idque

232 1453 500 1495 durissimum
531 1453 738 1507 particula
764 1455 801 1494 et
821 1452 916 1505 post
935 1453 1316 1504 repracsentauerit
1338 1452 1495 1493 inserta
1515 1465 1731 1495 remouere

232 1523 385 1573 studui,
410 1523 520 1576 quod
539 1523 624 1563 16111
640 1523 747 1563 inter
766 1522 908 1563 cetera
925 1521 1203 1571 tolerandum,
1227 1533 1307 1563 non
1323 1522 1625 1564 remouendum
1644 1536 1734 1565 esse

231 1603 393 1632 censeo.
421 1618 467 1621 —
492 1592 653 1633 incerta
676 1591 802 1632 etiam
826 1590 1072 1644 suspicione.
1093 1594 1130 1631 te
1162 1589 1344 1643 suppleri
1374 1602 1496 1642 posse
1529 1591 1613 1632 dixi
1638 1592 1734 1643 284,

231 1660 285 1700 22
325 1675 382 1702 an
420 1660 503 1716 (te)
540 1662 759 1714 defendere
797 1660 1029 1713 temptabis,
1076 1659 1186 1711 quod
1227 1659 1339 1700 enim
1368 1673 1450 1711 per
1485 1659 1593 1702 hanc
1634 1661 1735 1702 hae-

230 1741 358 1769 resem
388 1732 506 1771 tuam
536 1729 894 1782 comprehensurus
925 1729 983 1769 sis
1012 1741 1189 1781 reynum
1219 1728 1442 1778 caelorum,
1482 1728 1592 1781 quod
1622 1742 1677 1770 m.
1714 1731 1732 1770 1

233 1797 438 1850 scriptura
480 1799 683 1850 tef'enderc
725 1797 901 1839 suadere
940 1797 1183 1845 uidebatur3
1237 1795 1311 1837 sed
1352 1797 1570 1850 defendere
1611 1798 1736 1840 etiam

234 1866 319 1906 61116
363 1867 523 1908 obiecto
565 1868 787 1920 usurpatur
829 1880 962 1921 neque
993 1879 1087 1909 raro
1119 1867 1256 1907 tenuis
1288 1870 1303 1907 t
1334 1866 1426 1908 loco
1458 1867 1623 1908 mediae
1654 1868 1682 1909 d
1715 1881 1738 1908 a

232 1958 400 2000 librario
447 1960 624 2012 ponitur,
670 1960 717 2000 ut
747 1959 845 2011 230,
877 1961 904 2002 3
945 1960 986 2000 et
1024 1936 1284 2025 ineman-ios,
1336 1959 1428 2008 127,
1466 1959 1516 2000 18
1547 1936 1738 2025 configere

237 2049 329 2099 138,
364 2049 384 2090 1
418 2029 705 2101 haeredicam,
758 2051 853 2101 293,
887 2051 941 2093 25
979 2051 1050 2093 ubi
1089 2051 1141 2092 ad
1174 2050 1367 2106 Cypriani
1410 2051 1621 2104 exemplar
1654 2052 1731 2106 (ΙΙΙ

233 2129 301 2178 31,
335 2129 360 2170 9
392 2131 464 2182 qui
496 2110 621 2172 morte
652 2132 789 2172 uitam
821 2132 1071 2173 condemnat
1101 2135 1150 2173 ut
1178 2133 1317 2176 uitam
1348 2135 1476 2173 morte
1507 2132 1732 2184 custodiat)

235 2204 431 2256 martyrii
464 2206 569 2258 coyit
601 2205 803 2259 diquitas,
840 2210 887 2247 ut
917 2207 1055 2247 uitam
1088 2205 1329 2248 Christiani
1360 2209 1491 2247 morte
1522 2207 1735 2247 condem-

234 2290 381 2318 nemus
416 2280 747 2331 (contemnamus
777 2279 827 2332 V,
861 2283 1009 2321 contra
1041 2293 1226 2321 emamus
1256 2279 1465 2332 Latinius)
1501 2279 1733 2321 emendaui.

292 2368 506 2410 Contrario
538 2370 653 2421 uitio,
688 2370 780 2412 dico
811 2372 998 2414 toborum
1018 2371 1319 2413 uocabulorum
1348 2371 1417 2412 uel
1436 2371 1736 2412 sententiarum

234 2448 595 2501 interpolationem
642 2452 813 2493 consilio
846 2453 1014 2503 saetam,
1062 2452 1191 2494 codex
1232 2464 1400 2505 prorsus
1431 2452 1626 2492 immunis
1659 2452 1734 2501 est,

237 2551 366 2592 semel
394 2564 448 2592 m.
475 2555 489 2593 1
528 2554 780 2595 uocabulum
813 2568 938 2608 supra
970 2556 1172 2609 scriptum
1203 2557 1270 2606 68,
1297 2555 1347 2596 16
1379 2520 1536 2608 iiliiliicilfs,
1569 2567 1735 2607 perraro

236 2643 334 2672 uero
358 2644 494 2673 errore
516 2634 739 2685 repetitum
763 2636 838 2685 est,
872 2636 918 2676 ut
939 2636 1007 2687 41,
1034 2636 1087 2678 14
1108 2650 1201 2678 eum
1222 2649 1342 2689 quem
1367 2635 1567 2689 diliyebat
1592 2635 1733 2689 [eum],

236 2701 303 2750 52,
339 2700 392 2741 14
421 2704 457 2741 et
493 2702 601 2742 discit
637 2704 690 2756 [et
720 2704 846 2757 disca]
881 2718 968 2758 rex,
1017 2705 1083 2755 75,
1119 2704 1172 2745 14
1206 2705 1259 2758 [si
1289 2704 1373 2757 ius]
1407 2704 1445 2744 si
1486 2704 1609 2757 iusta,
1656 2702 1737 2744 140

237 2770 262 2809 2
294 2772 339 2809 ut
368 2770 498 2822 fuerit
532 2771 622 2824 [utl.
660 2771 751 2821 166,
785 2772 810 2812 3
842 2786 955 2814 nune
992 2776 1134 2814 tamen
1172 2773 1281 2814 hanc
1311 2773 1349 2813 si
1384 2772 1519 2826 [temp
1552 2772 1648 2821 241,
1682 2772 1736 2812 23

237 2839 328 2879 eius
358 2838 406 2879 in
437 2841 610 2879 stercore
646 2839 783 2892 leius]‚
831 2840 927 2887 278,
962 2842 986 2881 6
1019 2844 1053 2882 ct
1095 2841 1342 2882 laeunmnitas
1377 2841 1471 2895 [et];
1518 2840 1558 2880 et
1597 2839 1736 2880 nescio
