1934 3278
513 225 744 260 uerborum
775 226 819 260 et
841 225 1126 261 locutionum.
1528 228 1616 277 365

81 350 154 385 lus
179 361 287 394 quos
312 354 497 396 oportet
522 351 794 386 indentari.-
826 353 829 362 ¹

79 399 114 430 et
137 406 268 431 sensus
291 397 372 440 erit,
397 399 440 431 ut
458 396 599 431 Ariani
614 396 793 432 nimirum

79 441 191 477 inde
204 446 402 477 utentur
442 442 484 477 id
525 446 578 477 est
620 441 792 485 infrin-

78 498 101 532 9
110 497 133 521 α
143 498 169 522 n
179 491 193 522 t
202 499 227 522 u
237 499 257 522 r
293 491 537 523 conterantur
573 499 670 522 sana
708 488 791 524 doc-

81 533 184 567 trina
210 537 244 568 et
263 533 489 568 auctoritate
508 533 595 568 talis
615 533 790 578 episcopi,
824 541 826 565 1·

80 579 143 622 qui
167 590 192 613 a
217 579 338 614 Paulo
364 579 588 614 describitur
613 578 655 613 in
678 591 721 614 ea
739 579 790 614 ad
822 570 826 623 Ι

81 624 206 659 Titum
230 620 396 669 epistola’
425 624 540 661 Coleti
565 624 611 659 ad
634 624 666 660 h.
692 626 731 668 l.)

33 668 270 704 indesinenter
293 670 371 711 250,
393 670 415 705 8

33 714 176 759 indigne
202 720 260 757 (Ξ
285 716 435 759 iniuste)
462 716 540 757 252,
568 715 621 751 21.
646 715 725 757 265,
746 715 788 750 10

32 759 257 814 indiscretum
273 761 338 796 hoc
355 773 430 796 esse
447 764 504 806 (=
519 763 614 797 nihil
630 762 785 806 referre)

0 843 3 847 ’
30 808 264 933 ἰῃιὲίὲἓξῖἓξὲῗ
275 807 368 898 51ἷέ
378 807 453 888 mliii]
462 853 668 889 indoluisset
677 852 787 888 Paulo

32 944 276 979 inenarrabilis
304 944 380 985 125,
410 945 437 980 1.
464 945 495 980 9.
521 945 599 986 304,
627 945 669 980 19

31 989 308 1034 inexpugnabilis
334 990 421 1025 fides
447 991 524 1029 295.
551 991 594 1026 28

30 1035 305 1080 inextinguibilis
331 1037 385 1076 61,
414 1036 465 1071 17.
491 1037 570 1077 315,
596 1038 617 1073 3

32 1079 265 1126 infatigabilis
290 1082 403 1126 pietas
428 1081 506 1124 259,
535 1083 578 1117 18

30 1125 209 1161 infestatio
238 1127 312 1169 129,
338 1128 380 1162 27

30 1171 181 1206 infidelis
207 1176 265 1215 (Ξ
289 1174 507 1218 haereticus,
525 1175 705 1218 ethnicus)
728 1173 784 1216 28,

77 1219 118 1253 13
144 1229 252 1263 saepe

31 1264 264 1307 infinitiuus:
290 1265 465 1310 amplexus
483 1266 576 1301 uiam
593 1267 712 1301 tenere
731 1277 784 1301 eo-

74 1320 148 1344 rum
164 1309 241 1351 270,
258 1310 310 1346 13.
325 1310 535 1346 arbitramur
546 1311 633 1346 haec
646 1323 706 1356 pro
731 1314 786 1346 ter

73 1356 170 1390 tuam
188 1356 387 1400 specialiter
404 1356 516 1392 dicere
534 1359 683 1393 salutem
726 1358 783 1399 48,

77 1401 117 1436 18
138 1402 216 1445 (sed
235 1402 280 1445 cf.
299 1401 374 1443 116,
392 1402 455 1442 16).
474 1403 648 1438 censueris
661 1404 784 1438 mortis

74 1446 167 1481 diem
191 1448 363 1492 suscipere
394 1449 450 1489 48,
485 1449 526 1484 11
561 1449 607 1492 cf.
641 1450 695 1490 59,
729 1449 781 1485 23.

75 1492 151 1532 106,
179 1492 232 1527 27.
261 1493 337 1531 122,
356 1494 409 1529 28.
431 1494 507 1535 143,
526 1495 556 1530 5.
576 1495 630 1530 24.
657 1506 722 1530 nos
740 1495 783 1530 de

73 1538 183 1618 gradu
207 1539 340 1582 putasti
363 1539 492 1583 pellere
524 1540 602 1581 285,
631 1540 681 1576 12.
721 1551 783 1575 nos

89 1595 186 1619 acere
203 1584 352 1628 cogebas
371 1586 426 1625 82,
448 1586 498 1621 12.
525 1586 708 1631 cogitabat
723 1598 784 1631 per

73 1632 109 1664 te
134 1630 247 1664 facere
273 1641 336 1664 nos
362 1631 566 1666 idololatres
593 1632 646 1673 13,
666 1632 709 1667 19
734 1634 781 1675 cf.

72 1677 128 1715 44,
155 1676 185 1710 9.
225 1677 421 1720 cogitantes
447 1676 630 1712 dulcedine
654 1677 783 1723 perfrui

72 1721 150 1759 291,
178 1721 208 1756 7.
241 1732 302 1756 nos
327 1722 441 1757 facere
467 1724 679 1768 conpelleret
706 1724 782 1765 104,

72 1767 214 1808 27.237,
225 1767 278 1802 26.
294 1768 350 1812 qui
364 1771 563 1803 tecumesse
579 1769 784 1814 delegerunt

75 1813 127 1852 14,
154 1813 197 1846 25
223 1814 269 1855 ef.
298 1814 351 1853 15,
380 1814 430 1849 17.
458 1815 510 1850 23.
537 1815 642 1856 22,1.
668 1815 724 1856 38,
752 1816 781 1850 6.

73 1858 127 1898 84,
154 1860 184 1893 4.
221 1859 296 1897 100,
331 1860 384 1895 22.
422 1860 498 1901 120,
533 1861 585 1896 24.
623 1862 700 1901 174,
729 1860 779 1896 10.

73 1904 150 1944 209,
177 1904 230 1940 26.
258 1904 337 1946 317,
362 1905 392 1940 3.
421 1917 563 1950 quorum
589 1918 664 1941 esse
690 1907 782 1942 dele—

72 1950 163 1994 geris
189 1950 345 1985 imitator
373 1951 447 1990 139,
477 1952 517 1986 18
549 1953 595 1995 cf.
624 1953 701 1993 176,
727 1953 781 1987 25.

72 1995 148 2035 200,
174 1996 204 2031 8.
255 1996 451 2031 desideraui
484 2009 636 2032 reserare
668 1999 723 2039 35,
751 2000 782 2034 6.

73 2052 111 2075 ex
142 2041 194 2075 his
230 2043 310 2086 quia
343 2054 417 2077 esse
451 2055 538 2078 unus
573 2043 781 2079 desideraris

74 2087 150 2125 184,
179 2088 208 2122 7.
258 2087 432 2123 erubescit
456 2089 677 2124 succumbere
703 2090 781 2130 293,

73 2133 124 2167 12.
175 2144 234 2167 cur
259 2136 290 2169 ei
316 2145 445 2178 negare
469 2135 639 2179 (negari?)
666 2136 782 2170 fecisti

72 2177 284 2214 audientiam
315 2179 367 2219 75,
397 2180 448 2215 13.
476 2180 624 2222 (Achab)
651 2181 782 2216 fecerat

71 2223 177 2258 Israel
196 2226 332 2260 seruire
350 2226 404 2266 52,
424 2227 444 2260 6
462 2227 508 2269 ef.
528 2227 581 2267 11,
600 2226 630 2261 8.
655 2227 710 2267 42,
730 2228 782 2263 10.

74 2280 138 2314 quo
155 2272 266 2314 possis
287 2271 412 2316 dignus
431 2272 523 2306 effici
540 2283 684 2316 regnare
705 2273 781 2313 109.

71 2315 124 2350 23.
151 2316 330 2361 elegerunt
354 2317 420 2351 frui
442 2318 495 2358 15,
515 2318 557 2352 25
584 2318 630 2361 cf.
654 2318 707 2358 73,
729 2319 780 2354 18.

71 2360 148 2401 285,
183 2362 235 2397 14.
276 2364 323 2406 cf.
349 2365 575 2408 posteaquam
607 2363 782 2407 elegeritis

72 2406 170 2440 uobis
195 2408 229 2441 in
255 2409 501 2443 contumeliam
527 2408 582 2443 dei
608 2420 668 2443 uos
687 2421 781 2454 opor—

71 2453 143 2486 tere
179 2455 332 2488 statuere
369 2454 604 2489 idololatriam
639 2455 715 2496 219,
750 2457 780 2491 6.

71 2497 215 2576 gloriam
232 2500 393 2544 consequi
408 2510 523 2534 sumus
539 2503 779 2545 exspectantes

94 2542 147 2583 27.
176 2544 227 2579 16.
268 2545 426 2579 hortatus
452 2549 505 2579 est
530 2558 588 2580 eos
613 2548 780 2591 corrigere

71 2587 104 2628 4,
131 2589 170 2624 11
197 2590 244 2633 cf.
272 2590 347 2629 133,
374 2591 425 2626 24.
469 2602 552 2636 quos
578 2593 781 2636 impellebat

72 2633 198 2669 iustum
231 2635 381 2671 iudicare
418 2636 582 2671 iudicium
616 2638 691 2679 102,
726 2638 779 2672 28.
814 2657 817 2666 ·

94 2689 170 2714 uem
197 2692 265 2715 non
291 2682 452 2726 inpingat
478 2683 612 2717 animus
632 2683 778 2718 interfici

93 2723 147 2765 09,
165 2726 218 2760 28.
243 2726 445 2761 laborantes
463 2729 658 2763 interficere
682 2729 738 2768 34,
761 2730 779 2762 7

72 2770 119 2812 cf.
143 2770 220 2815 219,
246 2772 299 2806 31.
334 2774 541 2808 merebimur
564 2775 676 2826 puniri
704 2775 778 2815 116,

72 2814 102 2849 2.
128 2817 316 2852 meruerint
347 2818 438 2853 effici
456 2818 674 2854 dilectissimi
700 2820 778 2857 217.

72 2859 93 2894 2
110 2863 267 2907 saepius.
296 2874 352 2897 eos
371 2864 564 2900 interficere
582 2866 780 2900 minabatur

909 351 965 392 88,
1002 351 1054 386 13.
1087 352 1164 393 246,
1196 352 1251 387 21.
1276 352 1354 393 286,
1383 353 1435 387 17.
1473 363 1560 397 quae
1583 355 1620 388 te

907 399 1074 432 moneant
1099 396 1262 432 oboedire
1287 398 1365 439 277,
1394 398 1445 433 18.
1494 398 1619 433 nitaris

907 442 1102 477 interficere
1122 443 1198 483 186,
1217 443 1271 478 25.
1289 444 1366 483 294,
1387 444 1439 479 17.
1464 454 1527 478 nos
1544 455 1619 488 pro-

906 490 1010 522 uocat
1035 487 1091 523 dei
1115 489 1288 524 incurrere
1315 489 1482 524 offensam
1508 490 1562 530 79,
1588 490 1620 525 5.

905 534 1182 578 proposuerimus
1207 537 1326 569 tenere
1352 534 1457 570 fidem
1482 535 1536 576 26,
1562 534 1617 570 30.

905 581 1153 614 recusauerunt
1177 580 1313 615 misceri
1336 581 1370 620 4,
1398 580 1440 614 12
1465 581 1511 624 cf.
1540 580 1618 621 196,

904 623 936 659 4.
954 623 1031 666 312,
1050 625 1103 660 32.
1121 626 1283 661 timemus
1298 627 1458 661 amittere
1471 626 1549 668 297,
1566 625 1619 660 16.

905 672 944 704 ut
961 670 1182 706 innocentem
1199 673 1315 706 tecum
1342 683 1405 706 nos
1422 672 1618 707 interficere

904 715 1060 751 traheres
1088 717 1164 757 112,
1183 717 1214 752 8.
1241 728 1299 752 eos
1324 718 1414 752 male
1431 717 1546 752 facere
1564 727 1617 751 ur-

903 772 965 805 ges
992 762 1068 803 115,
1087 762 1108 797 8
1134 762 1181 806 cf.
1206 762 1261 803 33,
1283 763 1334 799 13.
1362 763 1437 808 126,
1458 763 1510 798 12.
1538 762 1616 806 151,

904 807 958 842 30.
994 808 1070 849 175,
1111 808 1162 843 16.
1195 809 1272 850 277,
1313 810 1366 845 19.
1415 811 1618 854 optaueram

927 853 996 887 rior
1019 853 1175 898 impendi
1191 854 1270 896 320,
1291 855 1332 889 12
1356 875 1402 881 —
1427 854 1618 889 arbitratus

919 900 1018 933 uerat
1044 900 1075 934 ei
1100 911 1136 934 se
1161 900 1284 935 tulisse
1301 900 1512 945 dignitatem
1539 899 1617 940 116,

905 944 957 979 16.
990 947 1131 989 cogeret
1153 947 1264 981 temet
1287 947 1393 981 uitari
1418 946 1473 987 20,
1501 945 1543 980 14
1568 945 1617 988 cf.

902 990 958 1030 68,
992 990 1045 1031 27,
1079 991 1158 1032 237,
1192 991 1246 1026 26.
1303 992 1498 1037 concupisti
1530 991 1616 1025 haec

902 1035 977 1070 fieri
1015 1036 1070 1077 57,
1108 1037 1162 1071 26.
1212 1038 1391 1082 cupientes
1424 1040 1459 1072 et
1483 1036 1551 1072 tibi
1580 1038 1618 1071 et

901 1082 1003 1116 nobis
1036 1082 1231 1117 consultum
1265 1094 1339 1118 esse
1372 1083 1457 1124 242,
1491 1083 1535 1118 25
1567 1083 1614 1125 cf.

904 1127 980 1169 161,
1007 1128 1060 1163 25.
1085 1128 1163 1169 216,
1190 1129 1220 1164 6.
1247 1129 1310 1163 24*
1339 1129 1542 1164 desiderans
1566 1127 1618 1161 fu-

903 1174 969 1208 eris
994 1174 1160 1218 coniungi
1182 1175 1495 1220 pseudoepiscopos
1514 1173 1615 1208 nobis

902 1219 957 1259 20,
986 1219 1028 1254 15
1054 1220 1100 1260 cf.
1129 1220 1204 1262 157,
1231 1220 1262 1256 8.
1290 1221 1368 1262 161,
1390 1221 1441 1256 16.
1463 1220 1539 1261 175,
1561 1218 1614 1253 13.

902 1265 979 1307 248,
999 1266 1052 1301 24.
1073 1265 1217 1310 dignum
1233 1266 1281 1300 sit
1306 1269 1342 1301 et
1359 1267 1432 1301 eius
1458 1265 1615 1300 coronari

903 1312 1052 1346 cultores
1066 1312 1122 1352 59,
1138 1312 1179 1346 21
1198 1312 1245 1355 cf.
1260 1312 1315 1352 30,
1331 1313 1385 1348 20.
1404 1313 1459 1353 38,
1475 1311 1529 1346 24.
1547 1321 1615 1345 non

904 1356 1003 1392 doles
1020 1356 1237 1392 interfecisse
1255 1359 1292 1392 te
1313 1358 1387 1399 101,
1406 1360 1437 1393 6.
1457 1368 1542 1404 quae
1559 1367 1614 1390 res

903 1402 1056 1437 effecerit
1072 1405 1108 1437 te
1122 1405 1276 1438 mactare
1295 1403 1359 1438 deo
1374 1415 1471 1438 caros
1491 1402 1567 1442 112,
1582 1402 1614 1436 4.

902 1449 971 1483 nisi
987 1448 1056 1483 tibi
1080 1448 1203 1483 feceris
1222 1460 1296 1484 esse
1320 1451 1541 1494 prospectum
1559 1447 1613 1487 13,

902 1494 946 1528 22
971 1495 1018 1538 cf.
1045 1494 1078 1534 3,
1099 1495 1150 1530 10.
1168 1495 1224 1535 44,
1246 1495 1298 1531 11.
1323 1495 1379 1537 45,
1398 1496 1452 1532 26.
1478 1496 1534 1535 46,
1560 1494 1615 1528 24.

904 1541 960 1581 47,
987 1540 1019 1575 3.
1048 1540 1102 1581 53,
1131 1540 1184 1576 15.
1216 1541 1272 1581 57,
1299 1541 1353 1575 20.
1388 1541 1443 1583 58,
1472 1542 1524 1575 15.
1558 1539 1614 1580 59,

902 1585 955 1621 13.
975 1587 1053 1627 150,
1072 1587 1103 1621 6.
1131 1586 1208 1627 162,
1227 1587 1281 1621 24.
1310 1587 1386 1627 175,
1405 1587 1436 1622 8.
1462 1587 1541 1625 232,
1562 1585 1615 1620 15.

903 1633 960 1676 qui
984 1632 1124 1667 finxeris
1147 1633 1277 1677 {paceni
1301 1635 1337 1667 te
1362 1632 1476 1668 facere
1503 1631 1556 1672 13,
1583 1631 1615 1666 9.

900 1677 1080 1713 hortamur
1096 1681 1130 1712 te
1150 1690 1190 1712 ex
1206 1679 1311 1723 impio
1329 1679 1424 1723 pium
1441 1679 1516 1713 fieri
1536 1677 1611 1716 112,

899 1724 952 1759 21.
1003 1724 1182 1768 imperasti
1207 1724 1365 1759 damnari
1397 1724 1615 1759 sacerdotem

902 1770 978 1811 130,
989 1769 1043 1804 23.
1057 1769 1251 1804 institueris
1261 1770 1310 1805 sic
1320 1781 1394 1804 esse
1404 1769 1614 1805 credendum

899 1816 978 1856 276,
999 1815 1050 1850 18.
1066 1815 1171 1850 fidem
1186 1815 1421 1860 despuendam
1435 1815 1612 1850 mandaris

901 1862 956 1902 57,
975 1861 1028 1896 26.
1046 1861 1455 1896 mandauitseruiendum
1470 1873 1544 1896 esse
1559 1861 1614 1900 57,

900 1908 942 1942 27
961 1908 1009 1951 cf.
1036 1907 1111 1947 119,
1138 1908 1192 1942 26.
1217 1910 1253 1941 te
1279 1910 1360 1941 sunt
1377 1910 1541 1951 optantes
1559 1905 1616 1941 dei

900 1953 976 1988 fieri
1002 1953 1151 1987 amicum
1177 1953 1232 1994 55,
1258 1954 1289 1988 4.
1315 1964 1370 1987 me
1393 1954 1613 1997 permitteret

902 1998 986 2033 deus
1005 1999 1041 2032 in
1057 2010 1163 2043 regno
1179 2011 1252 2033 esse
1270 1999 1326 2039 49,
1343 1999 1394 2034 10.
1413 1999 1500 2033 bene
1514 1997 1613 2033 uobis

901 2044 976 2079 ficri
999 2044 1224 2097 poscentibus
1250 2046 1328 2084 216,
1356 2045 1385 2080 2.
1411 2047 1528 2089 petere
1546 2042 1612 2078 sibi

900 2090 1008 2124 tribui
1033 2092 1179 2124 mortem
1215 2090 1291 2131 107,
1325 2090 1378 2127 13.
1425 2092 1461 2124 te
1494 2089 1612 2124 audire

924 2135 1116 2180 raeceperit
1132 2135 1290 2171 dominus
1307 2136 1362 2175 80,
1380 2137 1411 2170 4.
1436 2136 1614 2180 praecepit

900 2147 1065 2216 Eumilem
1112 2181 1294 2216 iustificari
1344 2181 1424 2223 118,
1475 2182 1516 2216 19
1565 2183 1612 2225 cf.

903 2227 979 2266 130,
1010 2227 1063 2262 23.
1095 2228 1171 2265 195,
1204 2228 1254 2262 17.
1288 2228 1317 2261 si
1345 2230 1478 2271 patrem
1508 2238 1612 2261 unam

902 2273 1125 2307 diuinitatem
1160 2273 1290 2307 habere
1331 2284 1400 2307 non
1442 2273 1612 2307 restiteris

901 2319 977 2359 ⁶208,
1007 2319 1057 2353 18.
1101 2330 1261 2363 rogamus
1286 2321 1322 2353 te
1347 2330 1466 2363 gerere
1493 2318 1609 2362 paeni-

900 2364 1048 2398 tentiam
1074 2364 1129 2403 84,
1155 2364 1208 2399 22.
1242 2365 1312 2398 noli
1337 2367 1372 2398 te
1398 2364 1510 2397 sinere
1536 2374 1611 2397 esse

900 2410 955 2450 51,
975 2410 1004 2444 3.
1044 2421 1105 2444 nos
1123 2411 1233 2444 socios
1252 2409 1424 2444 suadebas
1442 2410 1516 2443 fieri
1535 2409 1609 2449 184,

899 2456 929 2490 8.
955 2455 1110 2489 timueris
1129 2467 1212 2499 opus
1233 2459 1330 2490 tuum
1346 2454 1516 2499 publicari
1537 2454 1610 2495 191,

898 2503 928 2536 3.
955 2501 1047 2535 inter
1071 2512 1132 2534 nos
1157 2504 1356 2545 separatum
1374 2512 1447 2534 esse
1465 2500 1612 2535 uoluerit

902 2547 967 2586 10,
1009 2546 1062 2581 23.
1112 2550 1212 2591 urget
1252 2546 1408 2580 defensio
1450 2546 1609 2580 ueritatis

901 2593 1017 2637 quaeri
1051 2603 1070 2625 a
1102 2594 1137 2626 te
1173 2593 1248 2634 169,
1285 2592 1325 2626 21
1365 2592 1412 2634 cs.
1449 2592 1523 2631 168,
1558 2591 1609 2626 10.

900 2639 977 2677 228,
988 2638 1041 2673 30.
1058 2657 1098 2662 —
1111 2637 1334 2672 adseueretur
1347 2648 1415 2671 non
1426 2648 1500 2672 esse
1510 2647 1609 2671 uerus

899 2684 954 2718 dei
972 2684 1112 2727 spiritus
1135 2684 1185 2726 12,
1203 2684 1235 2718 4.
1261 2682 1429 2727 quomodo
1448 2694 1517 2717 non
1535 2683 1609 2717 ouis

900 2730 1006 2763 fuisse
1032 2729 1131 2773 lupus
1158 2729 1297 2773 agnitus
1323 2740 1359 2762 es
1389 2728 1460 2768 155,
1488 2730 1518 2763 6.
1553 2729 1609 2773 qui

899 2774 1343 2854 33²²5³3.322ss2⁵⁰133021³3
1368 2773 1609 2863 ἰῗωρἙὲὛέΧ

898 2877 1060 2910 manceps
1085 2866 1259 2900 latronum
1291 2877 1365 2900 csse
1389 2865 1606 2910 cognosceris
