1934 3278
547 247 600 281 De
625 248 748 282 sancto
774 247 971 282 Athanasio
998 247 1087 282 liber
1111 247 1137 282 Ι.
1523 251 1606 292 133

153 374 401 417 XXXVIII.
442 373 576 425 Quem
607 374 737 427 igitur
767 374 960 415 timorem
994 374 1118 427 atque
1141 374 1338 416 honorem
1362 375 1439 416 deo
1461 376 1612 417 facturi

94 456 275 490 eramus,
311 443 346 485 si
391 443 639 484 fecissemus
672 455 779 496 quae
810 443 855 484 tu
888 443 976 484 fieri
1009 443 1248 485 mandasti?
1293 443 1366 485 illa
1399 443 1507 485 enim
1538 445 1613 485 tua

94 513 320 566 praecepta
360 512 402 553 et
432 511 625 553 timorem
658 512 700 553 et
730 512 927 553 honorem
961 511 1028 553 dei
1059 511 1244 553 nituntur
1276 512 1436 554 auferre
1460 512 1610 555 dicatis

96 582 187 623 eius
221 580 490 622 clementiae.
542 580 615 622 sed
649 580 691 621 et
719 580 826 622 infra
855 581 972 622 tuam
1005 581 1242 634 specialiter
1274 593 1442 635 operam
1472 582 1609 623 mani-

59 650 259 692 ⁵festans
293 649 421 691 dicit:
455 649 713 692 exacerbatis
743 650 867 692 deum
905 650 954 691 in
983 650 1121 692 uerbis
1150 650 1315 706 uestris,
1346 653 1386 692 et
1414 651 1612 694 dixistis.-

94 720 142 760 ’λη
172 732 257 772 qua
286 732 331 760 re
361 718 711 760 exacerbauimus
743 719 868 760 eum?
898 719 944 760 ‘in
974 732 1018 760 eo
1039 718 1148 772 quod
1168 718 1348 761 dicatis:
1378 720 1514 761 omnis
1535 720 1609 772 qui

94 788 201 841 facit
228 786 404 838 malum,
436 787 592 829 bonum
634 790 693 829 est
724 800 864 829 coram
894 787 979 841 deo,
1013 790 1050 828 et
1079 788 1127 828 in
1157 787 1264 840 2‘1232'3
1293 787 1509 830 benedicet.
1571 791 1609 829 et

94 856 166 898 ubi
196 858 256 898 est
283 856 384 897 deus
414 856 649 897 iustitiae?
701 856 903 909 propheta
936 855 1057 896 dicit:
1088 856 1160 897 ubi
1190 859 1247 897 cst
1278 856 1378 898 deus
1406 857 1608 906 iustitiae,

96 925 244 966 contra
276 937 346 966 eos
379 924 449 977 qui
473 923 637 965 dicunt:
669 925 743 978 qui
763 924 869 977 facit
889 924 1066 974 malum,
1099 924 1252 966 bonum
1274 927 1335 966 est
1355 937 1495 967 coram
1517 925 1605 976 deo,

43 1000 77 1025 1⁰
95 997 133 1035 et
173 993 280 1046 ipsis
320 993 552 1045 benedicet;
599 992 640 1032 et
679 992 726 1032 tu
769 991 844 1033 das
882 991 1082 1032 mandata
1120 991 1375 1034 fundendum
1418 1005 1608 1035 cruorem

95 1062 299 1104 iustorum
338 1061 379 1103 et
412 1060 547 1102 adhuc
583 1060 688 1102 dicis
719 1061 762 1101 te
797 1060 865 1101 dei
888 1072 1069 1110 seruum,
1103 1073 1198 1101 cum
1230 1061 1287 1102 sis
1317 1061 1447 1114 ipsius
1481 1061 1608 1103 dissi-

96 1133 221 1184 pator
253 1130 373 1184 legis.
435 1130 593 1172 iustum
635 1129 699 1171 est
738 1129 936 1170 damnare
959 1129 1183 1171 absentem
1217 1130 1258 1171 et
1289 1129 1457 1182 quidem
1487 1130 1609 1172 inno-

99 1201 281 1253 centem,
317 1200 390 1240 aut
419 1199 652 1240 iniustum?
713 1198 747 1239 si
778 1197 934 1239 iustum
965 1210 1044 1239 non
1086 1199 1162 1248 est,
1197 1197 1294 1251 quia
1325 1199 1440 1252 cogis
1471 1199 1609 1240 facere

97 1280 171 1310 nos
215 1280 307 1309 eam
350 1281 439 1309 rem
485 1280 558 1321 per
599 1280 723 1321 quam
763 1266 898 1320 puniri
934 1278 1170 1308 mereamur
1208 1279 1232 1307 a
1272 1266 1378 1309 deo?
1440 1267 1606 1317 Tobias,

45 1350 78 1375 ιε,
96 1336 300 1387 omnibus,
332 1336 480 1390 inquit,
520 1336 666 1378 diebus
696 1336 815 1377 uitae
848 1339 960 1386 tuae,
990 1336 1069 1390 fili,
1111 1336 1232 1377 deum
1261 1336 1312 1378 in
1341 1339 1476 1378 mente
1506 1336 1608 1378 habe

96 1408 133 1447 et
164 1404 254 1446 noli
278 1417 453 1457 peccare
482 1403 587 1446 uelle
617 1404 683 1446 uel
707 1404 944 1457 praeterire
969 1406 1198 1457 praecepta
1227 1404 1362 1446 illius.
1394 1405 1604 1447 iustitiam

97 1475 175 1528 fac
206 1473 400 1515 omnibus
437 1473 586 1515 diebus
624 1473 742 1515 uitae
779 1475 878 1514 tuae
915 1475 955 1514 et
993 1472 1083 1514 ‘noli
1119 1472 1338 1515 ambulare
1367 1486 1451 1527 per
1487 1473 1607 1515 uiam

97 1543 369 1596 iniquitatis,
393 1543 597 1596 quoniam
619 1544 766 1596 ayente
786 1544 823 1583 te
843 1555 894 1584 esc
909 1542 1090 1583 ueritate
1106 1541 1186 1582 erit
1201 1542 1400 1594 respectio
1416 1541 1609 1595 operibus

96 1613 182 1653 tuis
213 1614 252 1653 et
281 1611 474 1652 omnibus
504 1611 579 1664 qui
607 1611 778 1664 faciunt
808 1610 1035 1651 iustitiam.
1099 1609 1178 1660 die,
1211 1610 1443 1661 Constanti,
1475 1610 1602 1651 iusti-

43 1691 78 1717 20
97 1680 199 1722 tiam
233 1679 335 1720 facit
366 1679 434 1732 qui
466 1677 667 1719 interficit
696 1677 968 1719 innocentes?
1018 1677 1089 1730 qui
1120 1690 1337 1719 seruorum
1371 1677 1438 1719 dei
1469 1677 1607 1719 fundit

98 1748 373 1802 sanguinem?
434 1746 467 1788 si
508 1759 587 1788 non
627 1746 728 1787 facit
768 1746 994 1795 iustitiam,
1037 1746 1112 1787 sed
1150 1746 1286 1800 magis
1324 1745 1604 1799 iniquitatem,

97 1818 230 1859 restat
275 1818 322 1858 ut
359 1817 401 1857 te
441 1814 588 1857 uideas
632 1827 724 1856 esse
769 1814 1002 1867 iniquitatis
1041 1814 1271 1857 amatorem
1319 1815 1444 1868 atque
1485 1827 1605 1857 omne

97 1886 285 1939 iniquum
312 1884 587 1927 fabricantem
619 1896 733 1937 opus.
782 1883 935 1925 etenim
958 1896 1054 1924 cum
1084 1883 1288 1925 iustitiam
1319 1896 1393 1926 nos
1423 1884 1463 1925 in
1496 1884 1607 1926 omni

105 1955 294 2008 tempore
339 1954 478 1995 facere
524 1953 713 1996 hortetur
757 1964 878 1994 sacra
922 1952 989 1993 lex
1036 1952 1078 1994 et
1119 1953 1166 1993 tu
1211 1952 1424 2006 conpellas
1469 1952 1608 1994 facere

46 2035 79 2060 25
97 2023 367 2072 iniustitiam,
416 2035 541 2076 quem
579 2023 622 2064 te
663 2021 790 2063 alium
831 2021 938 2063 uelis
977 2022 1154 2063 habeam
1192 2022 1271 2063 nisi
1303 2022 1345 2063 et
1375 2021 1606 2063 iniustitiae

99 2092 332 2133 amatorem
367 2092 409 2133 et
444 2091 804 2145 perpetratorem?
865 2091 1077 2146 omnibus,
1118 2090 1272 2144 inquit,
1311 2090 1455 2133 diebus
1493 2091 1608 2133 uitae

98 2163 207 2214 tuae,
239 2160 319 2214 fili,
359 2161 482 2202 deum
513 2161 560 2201 in
591 2163 726 2202 mente
756 2159 870 2212 habe,
910 2171 1006 2200 cum
1039 2159 1217 2200 eundem
1247 2158 1467 2212 reliqueris
1498 2159 1603 2200 hae-

97 2228 226 2270 rendo
257 2228 455 2271 Arrianis.
507 2228 549 2269 hi
581 2227 735 2269 etenim
764 2240 843 2270 non
875 2239 970 2268 eum
1002 2227 1328 2281 derelinquimus
1368 2227 1438 2281 qui
1477 2226 1604 2268 fidem

97 2298 289 2338 tenemus
322 2296 608 2350 apostolicam.
670 2296 877 2350 quomodo
899 2309 979 2339 non
1011 2298 1236 2351 praecepta
1268 2297 1356 2338 eius
1386 2295 1603 2350 praeteris,

46 2365 169 2420 sequi
201 2365 429 2407 interficias
461 2378 606 2407 seruos
645 2365 733 2407 eius
771 2365 926 2407 nomini
957 2366 1251 2419 maiestatique
1292 2365 1467 2414 dicatOS,
1508 2377 1602 2406 cum

100 2434 156 2476 sis
197 2446 266 2475 eos
305 2446 457 2488 cogens
498 2434 787 2488 derelinquere
830 2447 923 2475 eum
957 2435 998 2475 et
1028 2435 1118 2476 ficri
1151 2435 1445 2487 conserpentes
1479 2433 1603 2486 atque.

235 2557 254 2590 5
280 2557 362 2592 Mal.
388 2557 421 2597 2,
451 2558 491 2592 17
589 2558 629 2592 15
656 2556 739 2592 '1'0b.
765 2557 797 2594 4,
825 2558 857 2590 5.
882 2558 902 2592 6

169 2684 188 2716 4
216 2683 435 2718 clementiam
574 2684 595 2716 5
628 2682 861 2717 exacerbastis
889 2683 1061 2717 Sabatier
1201 2683 1222 2717 9
1248 2693 1390 2727 quoram
1421 2694 1465 2717 m.
1492 2686 1509 2717 1

102 2740 144 2775 13
170 2741 263 2785 quia]
291 2751 394 2785 quare
421 2741 604 2775 Latinius
629 2740 749 2783 falso,·
772 2751 857 2774 nam
885 2740 926 2774 id
951 2740 1072 2784 ipsum
1100 2739 1179 2784 quia
1200 2740 1390 2785 siqnificat
1487 2741 1528 2774 15
1555 2740 1603 2773 in»

101 2797 182 2843 quid
206 2809 251 2832 m.
278 2801 295 2832 1
322 2801 356 2832 et
381 2798 434 2832 sic
460 2797 537 2840 fere
556 2808 696 2842 semper
807 2797 847 2832 17
875 2797 979 2831 nomi
1087 2796 1131 2830 27
1156 2795 1285 2831 habere
1394 2797 1439 2831 28
1464 2796 1511 2841 hi]
1540 2807 1603 2830 nos

99 2857 194 2893 coni.
222 2855 449 2890 Gallandius
