1934 3278
593 286 648 321 De
673 288 793 320 sancto
819 286 1014 321 Athanasio
1039 287 1128 322 liber
1151 287 1193 322 Π.
1571 287 1651 331 175

146 415 270 456 morte
299 411 356 453 ad
386 412 537 465 uitam,
576 412 779 465 quoniam
817 425 1012 454 amamus
1050 412 1233 467 fratrcs;
1273 415 1346 466 qui
1386 417 1525 456 autem
1563 428 1647 456 non

145 485 262 524 amat
283 484 424 523 manet
444 481 494 522 in
516 483 700 522 mortem.
734 481 871 522 omms
891 482 964 535 qai
985 482 1070 522 odit
1091 482 1270 534 fratrem
1291 496 1416 524 saum
1436 482 1647 525 homicida

144 555 225 605 θεέ,-
254 554 291 593 ct
321 551 437 592 scitis
468 550 572 603 qaia
604 550 741 591 omnis
770 549 985 591 homicida
1015 564 1103 592 non
1133 550 1255 592 habet
1274 552 1413 592 uitam
1434 554 1648 593 aeternam

146 622 191 662 in
221 633 263 662 se
292 621 542 660 manentem.
578 631 672 660 cum
694 618 836 672 itaque
860 619 993 660 omnis
1017 619 1085 672 qui
1109 619 1226 660 odire
1246 619 1459 661 inuenitur
1478 619 1648 661 fratrem

110 690 254 731 51111113
277 689 441 730 dicatur
473 687 641 734 diaboli,
674 687 897 737 homicida,
921 687 1023 730 Cain
1058 688 1237 742 denique
1270 687 1509 730 fratricidae
1532 701 1649 731 com-

143 759 322 811 paretur.
368 757 410 798 in
458 757 635 798 mortem
680 769 848 798 manere
891 757 1154 810 designetur,
1202 770 1275 799 cur
1319 771 1386 799 me
1427 759 1504 799 hoc
1547 771 1650 812 opus

143 826 315 880 implere
358 825 653 878 compellebas,
694 825 804 878 quod
843 838 908 867 me
948 826 996 866 ut
1038 826 1140 867 Cain
1183 826 1352 868 fecisset
1391 826 1650 868 fratricidam

146 896 327 937 etfilium
349 895 518 943 diaboli,
538 895 649 948 quod
666 895 789 935 mein
810 895 987 936 mortem
1005 896 1250 948 perpetuam
1266 895 1440 937 fecisset
1450 900 1648 937 manere?

144 977 239 1006 cum
270 965 355 1006 iam
377 963 525 1005 uideas
557 976 624 1004 me
660 963 882 1005 transitum
905 964 1055 1006 fecisse
1079 964 1130 1005 de
1152 965 1285 1006 morte
1311 964 1364 1006 ad
1386 964 1531 1014 uitam,
1555 977 1650 1006 cum

95 1034 251 1075 winter
284 1046 354 1075 eos
387 1045 490 1086 quos
521 1032 630 1074 filios
665 1032 875 1085 appellare
918 1032 1114 1086 dignatus
1156 1034 1221 1074 est
1257 1046 1325 1074 me
1366 1033 1450 1074 iam
1491 1033 1649 1074 consti-

143 1103 270 1144 tuerit
304 1102 419 1144 deus.
454 1114 578 1155 quam
612 1102 662 1143 ob
694 1114 866 1142 causam
898 1114 964 1142 me
998 1101 1101 1144 Cain
1124 1101 1213 1142 fieri
1248 1102 1433 1147 uoluisti,
1456 1102 1651 1144 tenebras

146 1172 271 1213 etiam
306 1172 347 1212 et
378 1170 510 1212 filium
545 1170 729 1212 diaboli?
760 1172 800 1211 in
835 1183 915 1223 quo
946 1172 988 1212 te
1009 1170 1129 1219 laesi,
1151 1171 1192 1211 in
1216 1171 1365 1223 quibus
1387 1172 1511 1212 rebus
1534 1170 1651 1211 extiti

147 1239 416 1281 aduersarius
450 1239 600 1281 salutis
635 1241 748 1283 tuae,
772 1240 819 1279 ut
840 1239 940 1280 mihi
966 1239 1219 1280 desideraris
1240 1239 1301 1280 ita
1324 1252 1414 1280 esse
1438 1239 1651 1280 nocitum?

145 1321 218 1350 cur
248 1309 351 1349 haec
385 1308 586 1349 iteramus
626 1308 703 1349 nisi
735 1309 783 1348 ut
816 1308 1038 1361 aliquando
1076 1307 1324 1361 intellegere
1356 1308 1504 1361 possis,
1540 1307 1650 1361 quod

95 1386 127 1411 1⁵
147 1378 255 1419 enim
287 1377 487 1430 quidnam
519 1376 575 1418 sit
605 1377 759 1418 bonum
792 1377 849 1418 sis
880 1378 1105 1430 ignorans?
1138 1377 1171 1418 si
1206 1377 1315 1418 enim
1352 1377 1493 1427 scires,
1527 1390 1650 1418 num-

146 1459 269 1499 quam
314 1447 356 1487 et
395 1446 485 1499 ipse
523 1446 688 1487 tantum
730 1446 972 1488 admisisses
1011 1445 1173 1487 facinus
1214 1446 1256 1487 et
1303 1458 1377 1488 nos
1422 1446 1651 1500 perpetrari

144 1527 328 1568 urgeres.
364 1515 480 1556 dicas
513 1515 621 1556 inter
652 1516 756 1557 haec
789 1527 948 1568 precor.
983 1515 1253 1568 quamobrem
1288 1514 1551 1568 persequeris
1585 1514 1649 1556 dei

147 1584 294 1625 domus
328 1583 587 1625 antistitem?
622 1583 725 1625 dicit
757 1584 866 1625 enim
899 1583 1124 1637 apostolus,
1149 1583 1247 1636 quia
1267 1585 1342 1636 qai
1364 1584 1451 1626 odit
1471 1584 1653 1637 fratrem

144 1666 267 1694 saum
298 1652 509 1694 homicida
540 1655 611 1694 cst.
662 1653 696 1694 si
728 1665 809 1694 non
840 1653 904 1694 uis
936 1653 1090 1694 habere
1122 1652 1360 1693 homicidae
1393 1665 1554 1701 nomen,
1578 1664 1652 1693 cur

96 1720 237 1762 modis
284 1720 454 1763 fratrem
500 1722 652 1762 tuum?
702 1722 830 1774 proba
870 1721 965 1763 odio
1006 1721 1177 1774 dignum
1218 1721 1511 1771 Athanasium,
1553 1720 1653 1774 quid

144 1789 349 1831 malorum
383 1791 581 1843 operatus
613 1790 668 1831 sit
699 1790 935 1838 manifesta,
967 1791 1014 1832 ut
1045 1790 1100 1832 sit
1131 1789 1237 1831 odiri
1278 1790 1428 1843 dignus
1451 1790 1576 1831 etiam
1601 1790 1651 1830 ab

145 1858 335 1900 omnibus
378 1858 507 1899 nobis.
560 1858 745 1912 profecto
777 1871 856 1900 non
890 1858 1009 1900 dabis
1041 1872 1144 1912 opus
1179 1859 1450 1900 commissum
1484 1857 1652 1911 aliquod

144 1927 344 1968 iniustum
377 1926 488 1981 quod
521 1940 615 1968 eum
637 1927 767 1969 faciat
799 1927 1001 1969 odiosum.
1035 1941 1132 1970 cum
1154 1929 1258 1970 haec
1280 1928 1342 1969 ita
1363 1927 1457 1975 sint,
1480 1938 1652 1968 necesse

147 1995 211 2036 est
239 1995 282 2036 te
312 1995 470 2037 idcirco
515 1995 652 2038 odisse
691 1996 830 2045 illum,
872 1996 970 2049 quia
1009 2009 1113 2050 opus
1151 1997 1272 2038 tuum
1314 1996 1369 2038 sit
1407 1995 1651 2049 malignum,

94 2063 365 2106 ”Athanasii
397 2076 497 2106 uero
528 2064 698 2106 iustum.
732 2065 954 2118 propterea
985 2065 1142 2107 etenim
1175 2064 1240 2106 uis
1272 2064 1509 2106 interficere
1542 2076 1650 2111 eum,

146 2130 257 2184 quod
287 2143 366 2172 non
399 2131 526 2172 fuerit
553 2132 596 2173 te
629 2131 881 2173 sceleratum
912 2132 1191 2175 facinorosum
1233 2133 1358 2186 atque
1399 2131 1652 2186 sacrilegum

146 2199 348 2241 imitatus.
383 2200 550 2241 constat
579 2201 682 2242 haec
715 2200 777 2242 ita
808 2213 912 2242 esse.
946 2213 1042 2243 cum
1076 2201 1185 2243 enim
1208 2201 1417 2255 gloriosus
1440 2201 1653 2254 apostolus

150 2267 253 2310 Cain
287 2269 329 2309 et
359 2268 466 2310 Abel
495 2269 726 2310 introducit
757 2270 1126 2322 comparationem,
1158 2270 1203 2312 tu
1236 2270 1338 2312 mihi
1372 2282 1463 2312 esse
1495 2269 1652 2310 uideris

148 2335 265 2386 Cain,
298 2337 554 2378 Athanasius
585 2350 684 2379 uero
716 2337 836 2387 Abel,
868 2351 919 2379 cx
947 2338 1022 2381 hoc
1044 2342 1254 2393 apparent
1272 2339 1369 2392 filii,
1405 2337 1561 2386 dicens,
1582 2337 1649 2379 dci

97 2407 182 2446 noet
208 2406 295 2458 fila·
324 2405 498 2447 diaboli.
549 2419 690 2448 omncs
719 2407 794 2459 qm·
822 2420 910 2448 non
939 2410 997 2448 est
1027 2408 1166 2449 iustus
1195 2421 1284 2449 non
1313 2410 1370 2449 est
1409 2421 1459 2450 ex
1497 2407 1572 2449 deo
1613 2410 1650 2448 et

145 2473 220 2526 qui
249 2486 334 2516 non
365 2476 485 2515 amat
513 2475 693 2527 fratrem
724 2487 861 2525 suam,
885 2475 1090 2528 quoniam
1109 2475 1211 2518 haec
1230 2475 1499 2528 repromissio
1519 2488 1648 2528 quam

284 2608 328 2643 18
352 2608 369 2643 1
392 2608 464 2644 Iob.
490 2608 523 2650 3,
552 2609 594 2644 12
687 2609 731 2644 29
758 2609 803 2644 ib.
829 2609 861 2653 3,
889 2609 1024 2644 10—12

215 2743 236 2778 2
261 2746 372 2780 morte
397 2757 417 2780 v
510 2747 531 2781 6
556 2747 702 2781 mortem
728 2747 875 2791 scripsi,
901 2748 1011 2780 morte
1042 2747 1075 2781 V
1173 2746 1217 2781 10
1242 2746 1334 2782 filios
1359 2746 1417 2782 dei
1441 2747 1534 2783 com'.
1567 2747 1653 2783 Gal-

148 2812 302 2848 landem
399 2814 440 2848 11
465 2791 507 2849 iit
530 2814 572 2859 (⁰⁵
596 2826 640 2850 m.
667 2816 752 2859 rec.)
857 2814 898 2849 12
926 2815 1045 2850 extitit
1068 2827 1113 2851 m.
1138 2819 1158 2851 1
1263 2815 1308 2851 15
1333 2816 1425 2851 enim
1449 2827 1515 2852 om.
1541 2828 1561 2851 v

150 2892 191 2926 16
215 2874 412 2948 perpetrari·
431 2896 458 2937 (⁰
481 2905 526 2929 m.
551 2896 637 2937 rec.)
734 2895 777 2930 18
802 2877 923 2930 domos
945 2897 972 2939 (⁸
996 2907 1040 2931 m.
1066 2896 1153 2940 rec.)
