1934 3278
278 237 357 279 138
929 234 1131 268 Luciferi

277 361 601 402 inaestimabilis
631 361 844 402 inmensus
878 350 1085 408 aeternus,
1120 359 1244 400 sicuti
1267 358 1321 399 sit
1352 360 1394 399 et
1414 359 1532 400 cuius
1565 359 1619 400 sit
1639 357 1780 400 filius?

277 429 458 470 credidit
498 430 644 471 sancta
683 429 863 470 ecclesia
902 441 1027 469 unam
1067 427 1296 480 potentiam
1335 427 1489 468 habere
1529 427 1779 479 unicamque

278 496 600 539 dominationem
623 498 785 550 patrem
804 497 845 538 et
865 496 998 537 filium
1017 497 1058 537 et
1080 496 1271 549 spiritum
1289 495 1491 536 sanctum.
1515 496 1620 536 hanc
1639 495 1779 543 fidem,

280 566 518 621 <in>quam,
545 567 649 607 dicis
671 566 928 607 haereticam
951 565 992 606 et
1011 565 1129 607 tuam
1153 564 1334 606 adstruis
1367 563 1630 613 catholicam,
1663 564 1780 605 illam

278 647 384 686 quae
418 635 530 676 dicat
563 635 688 676 deum
709 647 788 675 non
820 634 976 675 habere
1008 646 1155 674 uerum
1186 632 1332 683 filium,
1366 643 1472 684 quae
1507 631 1620 673 dicat
1648 634 1780 686 fuisse

278 704 448 755 quaudo
480 717 567 744 nou
596 703 737 755 fuerit,
771 715 876 755 quae
918 702 1033 743 dicat
1068 702 1229 754 factum
1268 715 1317 743 ex
1346 701 1499 753 nihilo,
1546 701 1691 754 utique
1732 714 1780 742 ex

278 771 362 812 illis
395 772 598 822 sensibus,
631 771 779 824 quibus
810 772 1036 820 Rabsaces,
1072 771 1153 811 dux
1185 770 1450 825 Assyriorum
1471 770 1597 823 regis,
1631 783 1779 823 expro-

279 840 431 881 brabat
463 840 587 881 deum
617 839 809 880 Abrahae
844 840 884 880 et
917 839 1040 880 deum
1073 839 1190 880 Isaac
1225 840 1267 880 et
1299 839 1423 879 deum
1455 839 1582 880 Iacob
1616 838 1780 880 dicens:

277 921 363 949 nou
394 921 467 949 uos
497 908 666 950 seducat
687 907 909 961 Ezechias,
943 909 1046 961 quia
1060 909 1202 961 possit
1220 920 1294 950 uos
1316 908 1495 949 liberare
1516 907 1564 948 de
1584 907 1782 948 manibus

277 977 387 1030 reyis
417 977 695 1031 Assyriorum
725 977 825 1018 deus
855 979 1001 1018 uester.
1034 975 1095 1017 ita
1129 977 1169 1017 et
1194 977 1254 1028 tu,
1289 976 1370 1016 dux
1398 976 1644 1025 antichristi,
1680 975 1783 1016 dicis

277 1057 353 1097 per
384 1045 501 1086 tuos:
533 1058 618 1086 uon
648 1058 723 1086 uos
744 1045 944 1087 seducant
969 1044 1100 1086 uerba
1122 1045 1410 1097 episcoporum
1431 1047 1677 1095 uestrorum,
1708 1046 1782 1097 qui

277 1112 383 1153 mihi
443 1113 739 1154 contradicunt
799 1113 903 1164 quia
952 1125 1025 1154 uos
1080 1112 1256 1153 liberare
1313 1115 1444 1164 potest
1493 1113 1596 1165 sides
1655 1125 1783 1164 quam

277 1181 346 1221 illi
376 1181 639 1233 praedicant.
698 1180 800 1221 licet
833 1180 941 1221 enim
974 1191 1206 1221 sermonem
1238 1179 1414 1228 uarient,
1455 1180 1596 1220 tamen
1628 1192 1695 1220 res
1730 1179 1783 1221 ad

274 1249 351 1289 hoc
392 1249 654 1301 perducitur,
695 1249 743 1289 ut
781 1249 973 1290 constare
1012 1249 1144 1301 possit
1187 1249 1229 1289 te
1277 1248 1335 1289 sic
1377 1248 1494 1289 nobis
1536 1249 1781 1301 exprobrare

277 1317 413 1367 deum,
448 1318 556 1370 quod
585 1317 692 1359 enim
724 1318 916 1370 inpotens
950 1317 1003 1358 sit
1026 1317 1077 1358 ad
1103 1317 1336 1370 eripiendos
1358 1329 1445 1366 neS,
1479 1317 1685 1369 quomodo
1708 1329 1780 1358 rex

276 1386 534 1438 exprobrarit
564 1386 852 1440 Assyriorum:
886 1386 987 1429 haec
1018 1386 1122 1428 dicit
1152 1399 1226 1427 rex
1257 1386 1557 1439 Assyriorum:
1588 1386 1625 1427 si
1646 1386 1781 1427 uultis

275 1454 482 1505 benedici,
522 1456 626 1496 exite
656 1455 801 1507 potius
849 1455 904 1496 ad
950 1469 1011 1496 me
1055 1458 1091 1496 et
1136 1454 1450 1496 manducabitis
1493 1456 1782 1508 uuusquisque

274 1522 461 1574 fructum
492 1526 678 1564 uestrum
709 1524 859 1565 uineae
889 1525 925 1564 et
954 1523 1072 1578 ficus,
1104 1526 1144 1564 et
1172 1522 1315 1564 bibetis
1346 1536 1505 1575 aquam
1534 1523 1583 1564 de
1607 1523 1781 1564 lacubus

275 1592 440 1639 uestris,
474 1591 604 1633 donec
633 1592 810 1633 ueniam
840 1594 879 1633 et
909 1592 1119 1645 accipiam
1150 1605 1221 1633 uos
1253 1592 1301 1632 iu
1332 1595 1446 1633 terra
1468 1592 1561 1641 tali,
1594 1593 1702 1633 sicut
1724 1595 1782 1634 est

277 1663 391 1700 terra
421 1662 578 1712 uestra,
613 1663 726 1701 terra
759 1660 893 1702 tritici
923 1663 961 1702 et
992 1661 1089 1701 uiui
1120 1663 1156 1701 et
1179 1661 1315 1713 pariis
1346 1663 1385 1702 et
1414 1661 1654 1703 uinearum.
1695 1674 1781 1702 nou

278 1740 373 1781 eryo
407 1741 477 1769 uos
508 1729 678 1770 seducat
709 1728 912 1770 Ezechias
934 1729 1099 1770 dicens.-
1129 1728 1231 1770 deus
1253 1741 1328 1770 uos
1350 1728 1555 1782 liberabit,
1590 1729 1631 1769 et
1652 1728 1779 1769 infra:

278 1797 372 1848 quis
403 1796 596 1838 liberabit
636 1797 911 1838 Hierusalem
948 1797 997 1838 de
1028 1810 1160 1838 mauu
1203 1797 1326 1838 mea?
1387 1797 1461 1838 sed
1494 1797 1603 1849 quod
1636 1797 1780 1838 contra

273 1864 371 1905 talis
395 1877 486 1906 esse
508 1866 553 1905 tu
576 1865 835 1906 monstratus
861 1878 917 1915 es,
952 1865 1055 1906 dicit
1077 1878 1146 1906 ore
1168 1866 1305 1906 Isaiae
1333 1865 1434 1906 deus
1459 1865 1511 1905 ad
1533 1866 1779 1906 Ezechiam:

276 1945 363 1973 non
394 1935 452 1973 est
482 1933 592 1985 quod
615 1946 781 1985 paucas
806 1948 831 1973 a
863 1934 1123 1974 sermonibus
1153 1934 1248 1975 istis
1279 1946 1381 1986 quos
1403 1934 1599 1984 audistis,
1633 1935 1783 1987 quibus

275 1997 641 2052 exprobrauerurit
669 2015 731 2042 me
762 2001 888 2055 leyati
908 2002 1195 2055 Assyriorum.
1228 2015 1311 2044 ecce
1342 2002 1459 2043 mitto
1491 2015 1629 2044 meum
1649 2004 1780 2055 spiri-

276 2071 379 2121 tum,
414 2072 449 2109 et
482 2069 628 2110 audito
650 2070 800 2111 riuutio
820 2072 1051 2111 reuertetur
1081 2070 1129 2110 iu
1151 2070 1315 2124 reyioue
1337 2083 1416 2112 sua
1438 2073 1476 2111 et
1497 2071 1617 2113 cadet
1638 2072 1783 2125 yladio

276 2137 324 2177 irc
355 2140 470 2178 terra
499 2150 590 2178 sua.
650 2137 724 2178 illa
755 2151 877 2188 nunc,
923 2138 1154 2189 Constanti,
1203 2139 1316 2180 circa
1353 2139 1395 2180 te
1429 2140 1539 2180 stare
1572 2140 1782 2181 cernimus

274 2205 474 2258 pericula,
522 2206 599 2247 nisi
638 2206 715 2248 tibi
757 2207 906 2248 feceris
948 2219 1039 2248 esse
1072 2207 1322 2258 consultum,
1365 2221 1470 2261 quae
1511 2209 1624 2249 circa
1662 2208 1781 2249 illum

276 2274 468 2315 steterint
500 2275 568 2327 qui
604 2275 798 2317 dicebat:
830 2277 890 2318 sic
920 2276 1065 2318 dicetis
1094 2276 1299 2318 Ezechiae
1330 2278 1419 2330 reyi
1451 2277 1587 2319 Iuda:
1626 2290 1714 2319 riori
1746 2280 1782 2318 te

1802 986 1834 1011 10

1801 1332 1835 1358 15

1801 1678 1839 1703 20>

1801 2018 1838 2045 25

279 2342 449 2384 seducat
478 2343 579 2385 deus
609 2346 721 2397 tuus,
753 2345 802 2385 iu
823 2357 903 2397 quo
926 2345 1117 2398 confidis,
1139 2345 1307 2387 diceus:
1339 2358 1424 2387 uon
1446 2345 1639 2387 tradetur
1659 2346 1781 2387 Ieru-
1799 2360 1835 2386 30

412 2478 432 2511 8
457 2479 513 2513 Es.
540 2478 595 2519 36,
624 2480 666 2512 14
762 2480 803 2513 16
829 2479 875 2514 ib.
902 2480 955 2524 36,
984 2480 1118 2515 16-18
1212 2481 1255 2515 22
1281 2481 1327 2516 ib.
1354 2480 1408 2522 36,
1436 2480 1479 2513 20
1582 2481 1625 2515 24
1652 2481 1697 2515 ib.
1724 2481 1780 2517 37.

274 2534 303 2568 6.
332 2534 349 2566 7
444 2535 486 2567 29
511 2534 557 2569 ib.
583 2535 638 2575 37,
669 2536 712 2569 10

342 2660 363 2692 4
388 2660 529 2704 inquam
555 2662 702 2705 scripsi,
730 2673 831 2706 quani
864 2664 913 2697 Vv
1017 2662 1238 2696 haeredicam
1265 2674 1305 2696 m.
1333 2666 1352 2696 1
1457 2663 1474 2696 Τ
1502 2664 1691 2708 asyriorum

275 2716 311 2749 11
343 2716 492 2750 seducat
517 2729 560 2752 m.
587 2722 604 2752 1
703 2719 745 2752 12
771 2719 933 2764 liberare]
961 2730 1029 2754 non
1056 2720 1143 2754 add.
1169 2730 1196 2753 s.
1223 2720 1243 2753 l.
1273 2731 1314 2753 m.
1343 2730 1408 2754 rec.
1437 2724 1469 2753 et
1499 2732 1515 2754 o
1622 2721 1664 2754 15
1691 2722 1781 2755 enirn

272 2784 338 2806 om.
361 2786 379 2807 v
479 2774 521 2808 18
546 2775 668 2819 uineae
761 2777 804 2810 23
829 2780 867 2811 tu
894 2790 959 2812 om.
988 2789 1004 2812 υ
1098 2777 1140 2810 25
1167 2776 1441 2820 expobrauerunt
1468 2789 1508 2812 m.
1536 2782 1555 2811 1
1652 2781 1781 2823 mcum]

276 2830 311 2863 in
339 2841 413 2863 (uin
442 2831 613 2865 Stabatier
