1934 3278
308 293 393 335 370

311 417 396 469 nisu·
419 425 546 495 maiglnzo
572 414 732 494 ffiinitari
764 412 842 457 298,
879 412 932 447 31.
976 412 1069 446 omni

360 472 440 496 nisu
536 487 543 501 ,

314 518 438 542 nocere
465 506 615 550 aliquem
633 504 709 545 131,
728 503 782 538 30.
809 503 887 544 171,
907 503 961 538 18.
984 503 1070 537 mihi

359 552 567 587 desideraris
584 551 636 585 ita
654 561 729 584 esse
746 549 901 583 nocitum
919 549 997 589 175,
1018 549 1068 583 13.

360 599 407 642 cf.
434 598 513 638 248,
539 596 595 630 24.
632 597 797 630 nocentes
832 599 887 639 (=
912 594 1068 637 nefarii)

361 644 440 684 289,
468 642 522 677 12.
548 642 596 685 cf.
623 642 700 682 149,
728 641 767 675 11

314 690 481 725 nocibilia
505 688 582 727 317,
609 688 630 722 3

315 746 594 782 nominatiuus:
632 743 804 788 principes
847 753 921 776 esse
962 742 1072 776 dictos

359 802 469 837 praua
493 790 673 835 generatio
699 789 753 830 22,
780 789 822 822 27
842 809 881 813 -—
902 788 1072 823 nonlicet

360 838 428 873 tibi
454 836 638 871 conuenire
670 854 716 861 —
746 834 890 873 auctori,
928 835 1076 877 negator

360 883 455 918 unici
491 882 556 917 filii
589 881 645 915 dei
679 879 722 914 de
756 880 811 914 dei
837 879 1076 913 sacerdotibus

361 929 527 968 iudicare,
553 926 741 970 sacrilegus
766 926 902 970 fingens
926 927 963 959 te
981 924 1076 960 Chri-

362 976 516 1009 stianum
548 974 606 1017 (=
633 976 686 1016 tu,
719 983 800 1006 cum
831 972 884 1006 sis
909 982 954 1005 ne
979 973 1076 1014 ator)

363 1021 438 1061 220,
459 1020 513 1054 13.
531 1019 578 1062 cf.
599 1017 849 1063 participium
868 1017 955 1051 abso
972 1020 1078 1051 utum

317 1089 403 1113 non:
431 1079 465 1111 et
482 1087 552 1110 non
570 1076 629 1121 (=
645 1076 772 1119 neque)
790 1074 845 1115 55,
864 1073 908 1108 28
926 1073 1078 1118 saepias

362 1144 405 1149 —
432 1123 506 1167 quis
531 1133 602 1156 non
627 1131 769 1155 cernens
786 1130 857 1154 non
881 1121 983 1154 uocet
999 1119 1078 1159 205,

365 1169 407 1203 15
433 1169 494 1213 (cf.
519 1167 597 1208 244,
624 1167 665 1201 31
692 1170 726 1200 ct
750 1168 828 1208 nec)

320 1225 462 1250 noscere
490 1213 549 1258 (τ.-
572 1214 693 1257 nosse)
716 1212 771 1251 98,
796 1211 817 1244 2

318 1261 450 1296 notitia
481 1259 536 1301 31,
563 1258 594 1293 8.
621 1259 676 1300 35,
704 1258 757 1292 11.
784 1256 838 1297 38,
863 1256 917 1290 12.
941 1255 1020 1296 228,
1049 1255 1077 1290 1.

319 1354 441 1387 notum
464 1351 579 1385 facere
604 1349 683 1390 284,
712 1348 753 1383 17

320 1398 459 1433 nouella
483 1395 699 1441 praedicatio
725 1394 803 1434 292,
829 1393 873 1427 22

320 1444 498 1479 nouitates
523 1440 689 1486 profanae
714 1451 837 1474 uocum
863 1439 918 1480 26,
945 1438 988 1472 22

320 1490 436 1524 nullus
454 1490 513 1532 (=
528 1487 643 1531 nemo)
663 1486 740 1527 162,
758 1486 813 1520 26.
831 1485 909 1525 266,
928 1483 981 1519 32.
1001 1483 1079 1525 306,

368 1535 423 1569 18.
448 1534 562 1568 nullus
586 1532 766 1567 hominum
791 1531 846 1572 12,
873 1530 915 1564 21

322 1591 553 1628 numeralia:
593 1601 670 1624 cum
701 1589 902 1634 regnauerit
936 1588 1080 1633 quadra-

370 1638 470 1683 ginta
496 1638 531 1671 et
556 1647 662 1670 unum
687 1635 787 1669 annis
813 1634 868 1674 55,
894 1633 915 1668 8
937 1679 980 1714 39
1028 1679 1070 1713 16

325 1694 514 1727 numquam
546 1684 604 1725 (Ξ
635 1681 905 1724 m‘mmermeler)

367 1730 423 1773 49,
449 1729 481 1762 9.
507 1728 560 1762 10.
585 1727 640 1766 53,
667 1727 722 1760 22.
748 1726 803 1767 61,
829 1726 860 1760 6.
888 1725 943 1759 24.
968 1725 1011 1758 25

325 1785 493 1829 numquid
517 1784 630 1828 legis?
656 1784 711 1824 58,
738 1784 768 1817 2.
801 1782 970 1827 numquid
995 1782 1083 1816 dixit

370 1832 415 1866 ad
429 1831 560 1864 domini
573 1830 770 1864 sacerdotes
784 1830 840 1863 uel
854 1829 899 1863 ad
911 1829 1083 1872 principes

368 1877 425 1911 uel
451 1876 495 1910 ad
521 1878 653 1909 ceteros
678 1875 834 1909 iudices?
862 1874 937 1915 103,
964 1874 1006 1907 23
1038 1894 1083 1899 —-

370 1922 538 1966 numquid
562 1932 631 1955 non
655 1921 802 1955 licuerat
827 1920 915 1954 deo?
941 1920 995 1963 68,
1030 1920 1080 1954 11.

371 1969 418 2011 cf.
446 1968 500 2007 70,
526 1968 580 2001 25.
606 1967 661 2006 87,
690 1967 743 2000 11.
770 1966 847 2007 114,
875 1966 925 2000 13.
955 1966 1031 2007 124,
1049 1966 1080 2000 4.

372 2014 449 2053 136,
478 2013 530 2046 13.
556 2013 607 2047 17.
640 2013 712 2055 155,
741 2012 770 2045 1.
795 2012 873 2053 230,
901 2012 944 2045 16
973 2033 1006 2036 -
1038 2023 1083 2045 an

371 2059 538 2102 numquid
564 2059 641 2095 216,
668 2058 722 2092 27.
748 2060 808 2091 aut
833 2057 1001 2102 numquid
1028 2058 1080 2098 10,

373 2106 403 2138 1.
428 2105 485 2143 43,
511 2104 566 2138 29.
592 2104 646 2141 98,
673 2104 704 2135 9.
731 2103 808 2144 103,
835 2103 889 2137 28.
924 2104 1000 2144 111,
1029 2103 1081 2136 12.

374 2150 451 2190 139,
478 2150 532 2183 29.
561 2150 635 2189 179,
663 2149 715 2183 28.
744 2151 804 2183 aut
821 2149 988 2194 numquid
1013 2161 1082 2183 non

372 2196 451 2235 264,
480 2196 532 2229 19.
559 2196 637 2235 270,
664 2195 717 2229 22.
751 2195 1001 2238 numquidnam
1027 2195 1080 2235 11,

374 2242 428 2276 11.
454 2242 508 2282 36,
534 2241 565 2275 4.
591 2242 621 2275 6.
649 2240 725 2279 158,
745 2241 799 2274 21.
825 2241 902 2280 210,
922 2241 974 2275 28.
1002 2241 1081 2284 231,

373 2288 429 2321 27.
455 2287 532 2326 233,
559 2287 591 2321 9.
624 2286 702 2327 255,
729 2287 784 2320 26.
832 2286 1082 2331 numquidnam

376 2344 447 2367 non
474 2333 550 2373 155,
576 2333 598 2365 4

330 2461 497 2513 Obliquis
523 2468 705 2502 blanditiis
731 2469 872 2503 inlicere
897 2469 975 2511 293,
1003 2471 1019 2504 1

330 2514 587 2549 obsecundatus
614 2517 667 2548 cst
690 2514 742 2548 illi
766 2515 821 2553 45,
850 2515 891 2549 18
954 2531 956 2533 ·

329 2561 554 2595 obseruantia
577 2560 667 2594 cirea
693 2560 794 2594 deum
819 2560 895 2605 328,
923 2562 964 2596 14

330 2607 569 2649 obtemperare
595 2606 698 2639 dictis
715 2606 769 2647 54,
789 2606 810 2639 2
827 2607 874 2649 cf.
892 2609 1085 2652 temperare

330 2652 567 2686 occasionibus
597 2651 815 2694 probationis
846 2655 986 2688 nostrae
1024 2666 1085 2689 nos

331 2697 638 2791 Odffiffierlcffzq·
657 2697 724 2783 1310,
751 2743 805 2783 22,
838 2744 894 2785 41,
923 2745 975 2780 13.
1009 2746 1084 2786 170,

379 2788 432 2822 10.
456 2788 533 2825 253,
564 2789 582 2821 7

332 2833 412 2868 odio
443 2833 571 2867 habere
609 2833 663 2874 55,
696 2833 728 2868 3.
769 2834 844 2875 132,
872 2835 923 2870 19.
963 2836 1038 2877 143,
1066 2836 1086 2868 5

377 2879 427 2923 (in
453 2878 530 2912 odie
555 2878 730 2913 habentur
753 2879 831 2920 327,
857 2881 889 2923 9)

333 2924 501 2959 offensam
525 2923 661 2958 trahere
688 2925 779 2968 apud
805 2925 906 2961 deum
937 2927 1014 2967 241,
1041 2927 1083 2960 27

1031 287 1186 322 Index

1133 412 1243 491 0111111215
1255 412 1324 491 12111
1351 422 1416 464 quo
1435 412 1736 491 etque-consilium
1753 423 1822 465 non
1840 415 1894 448 est

1227 484 1234 497 ,
1285 485 1291 492 .
1319 468 1428 491 omnis
1456 468 1473 491 e
1494 469 1586 492 emm
1612 468 1738 501 sagma
1763 468 1892 494 31111113,-

1178 514 1252 537 rum
1277 513 1347 536 non
1385 506 1438 537 est
1467 504 1534 537 nisi
1565 503 1702 537 credere
1737 503 1813 544 150,
1841 505 1893 540 11.

1180 548 1338 582 omnibus
1363 548 1475 583 modis
1502 551 1559 586 (=
1571 549 1747 593 prorsus)
1774 549 1852 588 192,
1871 550 1889 584 7

1135 605 1239 638 opera
1262 596 1324 627 tua
1348 594 1508 638 inspecta
1533 594 1637 629 datur
1661 595 1820 639 intellegi
1838 595 1890 637 67,

1181 640 1234 675 22.
1251 641 1291 673 ut
1305 640 1465 674 eximiam
1478 641 1589 684 possis
1604 650 1741 674 cernere
1756 651 1894 685 operam

1180 687 1278 720 tuam
1302 685 1358 726 81,
1387 685 1439 720 10.
1479 686 1598 730 utique
1625 687 1679 720 est
1704 686 1834 720 clarum
1857 688 1893 721 te

1181 731 1314 765 diaboli
1339 742 1478 775 operam
1501 731 1625 766 fecisse
1659 731 1735 774 174,
1761 731 1816 767 22.
1846 732 1893 775 cf.

1183 777 1236 816 10,
1264 777 1317 811 18.
1344 777 1397 817 13,
1425 778 1454 812 7.
1480 777 1534 812 21.
1567 777 1624 817 99,
1649 777 1703 812 14.
1736 777 1812 818 123,
1838 777 1894 812 27.

1186 822 1260 864 133,
1279 822 1311 857 4.
1339 822 1416 864 145,
1435 823 1465 858 8.
1486 823 1538 858 12.
1567 822 1642 863 174,
1664 822 1716 857 14.
1734 823 1789 858 22.
1814 823 1892 865 200,

1186 869 1240 903 11.
1266 868 1345 909 205,
1371 868 1403 909 2,
1430 868 1508 909 206,
1536 868 1590 903 30.
1617 868 1695 909 225,
1721 868 1743 902 3

1137 914 1289 959 operari:
1304 913 1385 958 quid
1398 914 1565 949 malorum
1581 913 1695 948 fuerat
1708 914 1895 958 operatus?

1185 960 1260 1001 153,
1277 959 1330 993 14.
1348 961 1484 1004 operari
1501 962 1536 994 et
1552 971 1670 1004 gerere
1688 959 1895 994 desiderium

1186 1017 1283 1039 suum
1308 1005 1363 1046 31,
1390 1005 1444 1040 20.
1494 1005 1625 1050 (fidem)
1651 1006 1688 1039 in
1713 1006 1812 1040 nobis
1839 1005 1895 1040 dei

1185 1052 1299 1096 gratia
1324 1053 1485 1095 operatur
1509 1052 1587 1092 332,
1608 1050 1650 1086 13
1675 1052 1722 1094 cf.
1741 1051 1818 1088 291,
1841 1051 1894 1087 30.

1186 1099 1222 1132 111
1233 1108 1334 1177 5811ἓὲ
1356 1097 1478 1131 salutis
1510 1107 1547 1131 se
1573 1098 1752 1141 operatum
1777 1108 1896 1132 necem

1140 1189 1315 1233 operarius
1340 1188 1538 1233 iniquitatis
1564 1189 1642 1230 295,
1671 1188 1710 1224 11
1745 1189 1791 1232 cf.
1819 1189 1894 1230 120,

1188 1236 1229 1269 16
1255 1235 1406 1278 saepius

1140 1292 1240 1325 opem
1263 1279 1521 1314 misericordiae
1555 1280 1719 1325 consequi
1749 1279 1827 1321 205,
1853 1280 1896 1315 24

1141 1338 1241 1371 opus:
1265 1337 1393 1370 magno
1418 1337 1519 1370 opere
1547 1326 1622 1365 184,
1650 1327 1668 1359 7

1141 1373 1233 1407 orbis
1272 1374 1326 1416 (=
1357 1372 1455 1406 orbis
1488 1375 1687 1415 terrarum)
1724 1372 1810 1412 260,
1842 1372 1895 1407 27.

1186 1418 1279 1452 orbis
1305 1418 1415 1452 omnis
1441 1418 1519 1461 266,
1546 1417 1589 1451 29

1141 1464 1244 1498 ordo:
1282 1475 1381 1508 quem
1411 1474 1510 1498 uerso
1543 1463 1662 1498 ordine
1694 1463 1896 1498 Sirmicnses

1184 1512 1313 1544 uocant
1336 1509 1526 1543 Photinum
1551 1509 1628 1550 246,
1655 1509 1708 1544 30.
1734 1511 1828 1544 recto
1847 1521 1895 1544 or-

1186 1555 1266 1636 {ignle
1293 1566 1400 1635 {ggere
1436 1555 1514 1596 240,
1551 1555 1605 1590 16.
1652 1555 1743 1590 malo
1778 1555 1895 1590 ordine

1141 1729 1347 1774 Paeniteri:
1371 1738 1553 1782 paeniteor
1577 1738 1654 1779 266,
1680 1738 1733 1773 21.
1781 1738 1895 1782 paeni-

1187 1784 1294 1818 tearis
1327 1783 1383 1824 64,
1409 1784 1441 1818 4.
1480 1784 1555 1824 196,
1583 1785 1612 1818 6.
1660 1783 1896 1827 paenitebitur

1188 1830 1265 1870 206,
1294 1829 1345 1864 14.
1394 1830 1573 1873 paenitere
1604 1830 1793 1873 imperator
1818 1828 1892 1870 215,

1188 1876 1232 1909 29
1258 1895 1294 1900 -
1332 1875 1544 1919 paenitueiis
1579 1875 1653 1915 108,
1677 1875 1731 1909 22.
1765 1875 1840 1916 147,
1865 1875 1894 1909 3.

1189 1921 1267 1959 265,
1294 1921 1348 1955 29.
1373 1921 1432 1954 1116
1448 1921 1623 1964 paenituit
1641 1921 1719 1961 265,
1738 1921 1792 1956 27.
1817 1931 1893 1964 pae-

1187 1967 1295 2000 nituit
1319 1966 1421 2000 deum
1446 1966 1488 2000 de
1512 1967 1734 2010 malignitate
1759 1967 1836 2008 206,
1856 1966 1894 2000 17

1143 2025 1339 2069 paraeletus
1365 2024 1506 2068 spiritus
1537 2028 1571 2058 et
1594 2025 1783 2068 paraclitus
1809 2035 1895 2070 pro-

1187 2071 1324 2105 miscae
1352 2070 1413 2114 (cf.
1440 2070 1503 2104 alt.
1532 2070 1610 2105 ind.
1631 2082 1669 2115 p.
1696 2073 1780 2114 349)

1141 2139 1238 2172 pars:
1276 2128 1386 2162 cernis
1418 2128 1510 2162 inter
1543 2138 1625 2172 quos
1659 2128 1705 2161 sit
1734 2139 1812 2172 pars
1837 2129 1895 2161 tua

1189 2174 1381 2208 constituta
1406 2173 1482 2213 122,
1509 2174 1540 2208 3.
1565 2175 1604 2207 ut
1629 2174 1740 2207 omnis
1764 2173 1895 2207 iniusti-

1188 2220 1261 2254 tiae
1286 2230 1366 2264 pars
1390 2219 1521 2253 uitetur
1546 2219 1623 2260 119,
1649 2219 1692 2252 29

1143 2278 1334 2323 particeps:
1367 2287 1507 2320 quorum
1532 2278 1568 2310 te
1594 2276 1669 2310 fieri
1693 2276 1823 2310 socium
1847 2275 1894 2308 at-

1190 2334 1253 2402 qqe
1286 2322 1444 2402 elignibus
1469 2322 1674 2366 participem
1698 2333 1752 2355 me
1778 2329 1895 2365 cupere

1191 2370 1208 2403 1
1236 2381 1267 2409 ι),

1140 2426 1390 2470 participium
1416 2426 1645 2459 absolutum:
1678 2434 1835 2468 rogamus
1859 2424 1892 2456 te

1189 2483 1306 2516 gerere
1321 2471 1584 2514 paenitentiam,
1598 2470 1819 2503 considerans
1833 2467 1894 2502 sal-

1189 2520 1262 2551 tem
1279 2517 1334 2558 84,
1353 2517 1407 2550 23.
1432 2517 1514 2550 talis
1532 2527 1605 2549 mos
1621 2517 1673 2549 est
1691 2515 1747 2549 dei
1764 2513 1893 2548 cultori-

1191 2563 1256 2596 bus
1287 2564 1400 2596 totum
1430 2572 1605 2595 reseruare
1638 2561 1713 2601 deo,
1752 2561 1894 2594 scientes

1193 2620 1266 2642 esse
1284 2618 1447 2651 magnum
1464 2607 1634 2641 uindicari
1652 2607 1695 2640 ab
1715 2617 1753 2640 co
1772 2605 1824 2645 91,
1843 2603 1892 2638 24.

1191 2653 1279 2687 adeo
1305 2664 1452 2697 nequam
1482 2664 1528 2691 cs,
1562 2655 1600 2686 ut
1624 2654 1662 2686 tu
1687 2652 1770 2685 mihi
1796 2653 1894 2694 atque

1193 2699 1369 2733 hereditas
1396 2699 1592 2732 antichristi
1610 2700 1691 2732 ante
1711 2697 1822 2731 oculos
1840 2695 1893 2729 ob-

1191 2746 1358 2781 uersetur,
1396 2755 1606 2788 cognoscens
1642 2745 1784 2777 conatus
1820 2743 1893 2775 tuos

1192 2791 1378 2833 sacrilegos
1412 2790 1487 2830 130,
1520 2791 1550 2824 5.
1600 2791 1720 2823 contra
1743 2788 1808 2821 tibi
1833 2785 1894 2820 erit

1191 2836 1280 2869 male
1304 2837 1480 2879 perpetuo,
1514 2836 1575 2868 illa
1597 2835 1786 2878 percipiens
1812 2840 1892 2876 quae

1190 2892 1281 2915 nunc
1297 2881 1444 2925 percipit
1462 2881 1619 2914 Scarioth
1631 2880 1734 2914 Iudas
1751 2878 1826 2917 317,
1842 2875 1891 2910 29.

1190 2927 1238 2970 cf.
1265 2927 1340 2967 175,
1367 2926 1420 2961 29.
1446 2926 1523 2967 206,
1550 2926 1570 2959 9
1595 2946 1639 2951 -
1655 2923 1892 2970 participium
