1934 3278
631 272 685 307 De
711 275 832 306 sancto
858 271 1052 306 Athanasio
1077 270 1166 305 liber
1190 270 1214 305 1.
1596 271 1677 312 115

172 400 378 453 ficiuntur
423 411 474 440 ne
504 410 681 451 parcas.
741 398 777 439 si
815 400 955 438 autem
991 397 1176 439 dixeris:
1221 397 1357 439 nescio
1402 397 1527 447 hunc,
1572 398 1675 439 scito

172 467 375 521 quoniam
406 466 602 508 dominus
633 467 760 509 corda
780 467 967 509 omnium
988 466 1120 508 nouit.
1167 469 1206 508 et
1225 467 1298 520 qui
1316 466 1525 522 figurauit
1547 467 1675 520 spiri·

172 538 262 577 tum
293 533 485 576 omnibus
515 533 606 575 illis
635 533 713 575 scit
733 533 889 584 omnia,
921 534 995 586 qui
1025 533 1162 575 reddit
1192 534 1422 587 unicuique
1444 535 1673 577 secundum

172 616 299 657 opera
323 603 426 645 eius.
460 601 513 643 ad
535 603 638 643 haec
661 603 704 643 te
727 601 912 643 dicente:
944 602 1144 644 damnate
1168 602 1236 644 dei
1256 602 1464 655 cultorem,
1487 603 1669 645 derelin-

135 686 153 709 5
171 673 282 726 quite
310 672 436 724 fidem
466 670 752 724 apostolicam,
785 671 985 724 suscipite
1010 671 1239 725 perfidiam
1269 685 1418 723 meam,
1450 672 1595 726 utique
1629 674 1670 714 te

172 740 305 794 aperit
346 752 437 781 esse
478 739 686 781 hominem
716 739 995 793 pestilentem.
1059 739 1160 782 deus
1201 752 1274 782 nos
1315 741 1536 783 subuenire
1578 742 1672 782 uult

169 810 211 851 in
241 809 446 863 pressuris
480 810 604 862 atque
637 809 840 863 angustiis
872 808 1132 856 constitutis;
1166 810 1207 851 et
1236 810 1282 851 tu
1306 822 1375 852 eos
1407 823 1510 864 quos
1541 811 1672 852 bene-

171 879 307 920 facere
340 878 503 931 oportet
543 878 653 920 male
694 878 833 920 facere
864 890 1031 932 urgues,
1075 880 1116 920 et
1153 878 1323 932 quidem
1365 879 1591 922 admouens
1625 892 1674 920 ea

172 961 278 1002 quae
310 948 458 989 timere
489 960 610 1000 posse
644 947 905 988 existimaris.
969 948 1141 989 aduerte
1180 948 1264 989 iam
1297 949 1331 990 si
1363 961 1441 990 non
1472 948 1513 989 in
1544 950 1586 989 te
1620 948 1674 989 sit

119 1028 152 1052 10
172 1017 339 1058 morbus
371 1016 444 1057 illa
475 1029 582 1069 quae
614 1017 790 1058 uocatur
820 1016 962 1069 pestis.
1016 1017 1079 1058 est
1109 1018 1278 1059 morbus
1321 1017 1373 1058 ad
1404 1019 1480 1059 hoc
1514 1017 1671 1065 ualens,

171 1087 218 1127 ut
248 1098 327 1127 non
359 1086 494 1128 solum
526 1098 712 1139 corpora,
746 1086 820 1127 sed
853 1086 894 1127 et
917 1086 1076 1127 animas
1098 1087 1311 1129 morbidas
1331 1086 1466 1140 possis
1489 1085 1669 1135 efficere,

172 1167 313 1196 eorum
345 1155 546 1196 uidelicet
585 1156 654 1208 qui
685 1156 727 1196 te
759 1155 890 1197 uelint
923 1156 1065 1197 audire
1099 1156 1329 1198 dicentem:
1371 1156 1571 1198 damnate
1601 1155 1669 1196 do-

169 1224 279 1265 mini
310 1224 557 1279 antistitem,
588 1225 809 1277 repudiate
838 1225 963 1278 fidem
984 1239 1112 1278 quam
1143 1238 1304 1278 semper
1334 1226 1467 1267 tenuit
1497 1223 1672 1266 ecclesia

170 1295 208 1334 et
237 1294 433 1345 suscipite
472 1306 608 1334 meam
646 1306 788 1346 quam·
813 1293 995 1335 tradidit
1025 1294 1198 1336 Arrius.
1259 1293 1497 1345 erubescere,
1536 1292 1670 1345 inquit

119 1369 150 1394 1⁵
171 1363 317 1404 sancta
348 1362 567 1415 scriptura,
596 1375 824 1415 personam
854 1363 903 1404 in
933 1363 1089 1405 iudicio
1119 1377 1205 1405 non
1235 1367 1292 1405 est
1322 1364 1485 1406 bonum.
1529 1364 1566 1402 et
1595 1361 1669 1413 qui

168 1431 268 1473 dicit
298 1432 479 1484 impium
508 1432 667 1474 iustum
698 1444 782 1474 esse
822 1432 1070 1474 maledictus
1108 1433 1188 1474 erit
1227 1434 1274 1474 in
1299 1432 1470 1486 populis
1507 1433 1545 1471 et
1580 1430 1670 1471 odi-

168 1499 265 1541 bilis
292 1500 496 1555 yentibus.
557 1514 659 1542 nam
690 1501 763 1554 qui
793 1505 982 1555 aryuunt
1011 1501 1187 1543 meliora
1215 1501 1452 1554 sperabunt,
1484 1499 1532 1540 in
1556 1500 1669 1551 ipsos

169 1572 307 1610 autem
338 1570 480 1610 ueniet
509 1569 736 1612 benedictio
769 1571 943 1623 optima.
997 1572 1037 1611 et
1066 1572 1112 1611 tu
1146 1570 1391 1612 existimasti
1423 1570 1667 1611 erubescere

171 1649 243 1678 nos
274 1638 459 1690 potuisse
490 1650 709 1691 personam
740 1639 857 1680 tuam
897 1640 938 1680 et
986 1639 1182 1681 damnare
1223 1652 1328 1681 eum.
1376 1650 1497 1690 quem
1540 1638 1669 1679 scires

117 1711 150 1736 20
172 1706 297 1747 etiam
318 1706 407 1759 ipse
429 1707 704 1757 innocentem,
729 1720 852 1760 quem
873 1708 1074 1749 retineres
1097 1721 1187 1749 esse
1210 1720 1323 1749 reum
1338 1706 1379 1746 in
1396 1706 1472 1747 hoc
1491 1706 1667 1757 tantum,

170 1775 280 1828 quod
312 1775 491 1816 noluerit
522 1788 564 1816 30
600 1788 690 1818 0330
722 1788 874 1830 negare
908 1776 1202 1819 Christianum.

225 1843 445 1886 XXVIIII.
487 1845 653 1886 Interea
693 1845 791 1898 quia
820 1845 862 1886 te
903 1857 1126 1899 arguamus
1158 1843 1300 1886 mortis
1331 1843 1410 1884 iter
1440 1844 1666 1893 tenentem,

169 1912 267 1965 quia
298 1912 582 1966 corripiamus,
631 1913 838 1966 conspicis
881 1927 986 1967 quae
1024 1914 1141 1956 nobis
1178 1924 1339 1953 merces
1378 1911 1666 1964 promittatur:

167 1982 300 2033 aperi,
343 1981 445 2023 dicit
480 1983 693 2035 propheta,
733 1996 777 2024 os
814 1986 932 2025 tuum
970 1983 1090 2025 uerbo
1120 1981 1185 2024 dei
1224 1984 1261 2022 et
1291 1980 1436 2022 iudica
1477 1981 1668 2023 omnibus

112 2054 149 2079 2⁵
167 2050 349 2105 inteyre,·
379 2051 501 2104 aperi
531 2064 575 2092 os
607 2054 725 2093 tuum
755 2055 794 2093 et
823 2052 968 2093 'iudica
997 2053 1121 2092 iusta.
1172 2050 1213 2091 et
1242 2050 1288 2090 tu
1311 2049 1436 2091 dicis:
1468 2050 1669 2091 damnate

167 2118 440 2161 innocentem.
504 2119 662 2161 retineo
696 2120 863 2173 quidem
896 2120 1023 2161 sacris
1056 2118 1270 2159 continens
1302 2118 1540 2171 scripturis:
1581 2118 1668 2159 noli

166 2188 380 2240 superbire
410 2201 553 2230 coram
583 2203 686 2244 re9e,
735 2189 809 2231 sed
852 2190 884 2230 si
923 2188 1031 2230 intra
1069 2187 1269 2228 terminos
1308 2187 1528 2240 potestatis
1567 2188 1665 2227 tuae

168 2268 259 2298 esse
290 2256 497 2298 uoluisses
530 2258 571 2298 et
601 2257 803 2311 superbus
836 2256 1087 2298 exstitissem
1117 2256 1159 2297 te
1191 2256 1348 2305 contra,
1380 2268 1424 2296 re
1457 2267 1556 2296 uera
1578 2255 1666 2307 ipse

168 2337 233 2366 me
265 2326 311 2367 ut
342 2326 719 2379 praeuaricatorem
752 2326 857 2378 legis
889 2324 1247 2366 condemnassem.
1300 2337 1405 2365 nunc
1439 2336 1539 2364 uero
1562 2323 1660 2376 quia

303 2497 343 2530 14
370 2496 470 2530 Prou.
497 2496 551 2531 24.
580 2496 713 2529 23—25
807 2496 851 2529 ‘24
878 2495 923 2530 ib.
949 2496 1005 2536 31,
1032 2496 1052 2529 8
1146 2495 1189 2529 26
1216 2494 1261 2529 ib.
1287 2495 1342 2529 25.
1370 2498 1390 2529 6

233 2643 253 2676 6
278 2620 341 2676 nos
376 2642 409 2685 (Μ
437 2655 477 2677 m.
505 2646 587 2686 rec.)
623 2644 660 2678 1⁷.
696 2642 795 2676 nobis
823 2655 839 2675 1·
979 2642 1155 2675 subueniri
1182 2641 1362 2675 Latinius
1501 2642 1521 2673 9
1554 2640 1666 2673 timeri

168 2700 359 2743 Latinius,
384 2700 447 2733 sed
473 2700 602 2744 supple
628 2711 685 2734 eos
826 2700 867 2732 10
893 2699 950 2733 ille
977 2699 1033 2743 qui
1062 2711 1078 2732 ι·
1206 2699 1272 2741 cst]
1300 2710 1335 2732 es
1361 2699 1462 2740 fort..
1490 2710 1548 2731 cm.
1576 2698 1596 2731 I.
1626 2701 1663 2730 Il

165 2756 302 2800 possit?
395 2757 437 2790 13
462 2757 665 2791 antestitem
692 2769 736 2791 m.
762 2760 778 2790 1
876 2756 917 2789 14
945 2766 1045 2800 quam
1068 2757 1103 2798 (a
1127 2767 1171 2789 eoe
1197 2767 1214 2789 e
1242 2767 1283 2789 m.
1312 2759 1344 2797 1¹)
1442 2755 1481 2788 17
1508 2754 1668 2788 meliores

166 2813 337 2858 parebunt
371 2815 570 2858 Latinius;
605 2815 766 2859 βελτίους
802 2814 1010 2856 φανοῦνται
1044 2813 1156 2848 LXX
1295 2813 1339 2846 22
1375 2816 1411 2867 te
1447 2813 1566 2846 mortis

164 2882 209 2915 23
235 2864 385 2927 corspicis
409 2887 432 2926 ζ·
460 2895 502 2917 m.
528 2892 612 2926 rec.)
707 2884 750 2917 27
778 2884 849 2917 in‘n
874 2885 922 2925 (²¹¹⁸
949 2894 990 2916 m.
1017 2886 1051 2924 1)

1479 2948 1521 2980 81·
