1934 3278
527 222 579 256 De
605 223 726 256 sancto
753 221 947 255 Athanasio
974 221 1062 256 liber
1085 222 1128 256 11.
1503 223 1580 265 149

79 348 211 391 uestri
240 347 377 400 facere
408 346 565 398 uultis‚·
608 346 681 388 ille
712 347 825 388 enim
856 346 1070 389 homicida
1098 348 1187 401 fuit
1215 348 1267 389 ab
1298 349 1423 390 initio
1455 351 1494 390 et
1532 350 1582 390 in

79 417 257 459 ueritate
301 429 386 457 non
431 416 552 457 stetit.
615 428 658 458 es
690 415 867 457 mendax
901 416 942 457 et
981 416 1204 466 homicida,
1251 417 1442 464 mendax,
1485 418 1582 471 quia

81 487 253 529 crimina
303 486 406 527 falsa
450 485 651 527 obieceris
693 485 760 527 dei
801 497 920 527 seruo
962 485 1211 536 Athanasio,
1252 486 1441 535 mendax,
1485 487 1581 540 quia

80 555 335 597 haereticam
367 554 492 596 fidem
527 553 642 595 dicas
675 554 927 595 catholicam
960 555 1002 595 et
1023 554 1275 596 catholicam
1299 555 1415 597 dicas
1437 557 1579 598 haere-

47 624 220 674 5ticam,
253 623 475 671 homicida,
510 623 606 676 quia
639 624 680 664 et
712 622 958 676 sanguinem
989 623 1251 676 persequeris
1283 624 1501 666 Athanasii
1541 626 1583 666 et

79 692 163 734 iam
194 691 453 733 interfeceris
485 692 645 732 certum
678 703 895 732 numerum
929 691 995 733 dei
1027 692 1248 734 cultorum.
1310 705 1389 734 non
1429 693 1583 735 stetisti

81 760 168 802 sine
202 760 326 801 dubio
357 760 397 801 in
430 759 622 810 ueritate,
657 759 753 813 quia
787 760 843 801 sis
877 760 980 801 haec
1013 772 1174 814 gerens,
1208 761 1282 803 sed
1315 774 1358 802 es
1388 762 1501 804 totus
1540 762 1581 803 in

79 828 297 870 mendacio
324 829 588 873 constitutus,
623 829 720 882 quia
752 830 793 869 et
823 829 1001 870 mendax
1034 829 1087 871 sit
1127 830 1245 883 pater
1282 831 1391 879 tuus,
1433 830 1503 884 qui
1540 831 1581 872 te

80 890 194 951 cogit
226 897 279 938 ad
310 897 477 938 unicum
510 896 745 950 negandum
780 897 847 938 dei
881 897 1028 947 filium,
1062 898 1131 951 qui
1168 899 1209 939 te
1232 898 1394 951 inpellit
1417 898 1468 940 ad
1496 899 1583 940 eius

32 974 63 999 1⁰
81 978 296 1008 seruorum
329 965 621 1007 effundendum
653 978 856 1007 cruorem.
889 967 1098 1008 noluimus
1132 966 1330 1008 damnare
1354 968 1582 1017 absentem,

80 1034 286 1077 noluimus
340 1036 562 1077 nocentum
611 1035 718 1076 ferre
774 1035 1049 1083 sententiam,
1112 1036 1318 1077 noluimus
1373 1036 1580 1078 haeresim

82 1104 290 1157 suscipere
321 1104 450 1149 tuam,
484 1116 533 1145 ne
566 1104 664 1145 facti
696 1104 773 1146 tibi
806 1104 965 1146 similes
997 1117 1252 1146 mereremur
1292 1104 1435 1146 andire
1477 1118 1582 1158 quae

83 1172 256 1214 audiunt
278 1173 496 1215 coerratici
527 1173 589 1214 tui
612 1172 772 1223 Iudaei,
795 1173 836 1214 in
860 1186 1036 1226 quorum
1064 1174 1327 1226 obprobrium
1350 1174 1585 1227 colligimus

81 1254 154 1296 per
183 1242 442 1284 Hieremiam
477 1241 656 1283 dictum:
689 1255 829 1284 omncs
858 1245 997 1296 yentes
1019 1243 1109 1283 sine
1130 1243 1447 1285 circumcisione
1469 1246 1582 1293 sunt,

32 1325 64 1351 15
80 1314 118 1352 et
157 1311 295 1352 omnis
333 1311 483 1353 domus
522 1310 662 1352 Israel
703 1311 793 1351 sinc
834 1311 1153 1352 circumcisione
1191 1313 1291 1352 sunt
1330 1311 1479 1353 cordis.
1541 1323 1584 1352 es

84 1379 207 1433 atque
249 1379 342 1423 eris.
385 1378 463 1421 nisi
494 1379 536 1419 te
578 1379 695 1420 nobis
734 1379 974 1426 tradideris
1015 1379 1123 1420 inter
1164 1379 1259 1421 illos
1299 1392 1402 1433 quos
1442 1381 1586 1421 contra

83 1448 238 1490 clamat
285 1448 455 1501 spiritus
494 1448 664 1489 sanctus
705 1460 752 1488 ex
793 1460 970 1501 persona
1012 1448 1141 1490 nostri
1180 1448 1320 1501 populi
1363 1448 1415 1491 ad
1461 1449 1585 1490 deum

84 1517 248 1559 dicens:
279 1518 375 1569 scic,
408 1517 583 1567 domine,
617 1518 820 1570 quoniam
857 1531 944 1559 non
982 1520 1082 1558 sunt
1122 1517 1307 1559 hominis
1346 1518 1445 1559 uiae
1484 1518 1585 1571 eius,

81 1598 210 1639 neque
239 1585 310 1627 uir
339 1585 414 1627 ibit
431 1588 468 1627 et
488 1586 662 1639 corriqet
683 1586 975 1639 coyitationcm
997 1597 1133 1626 suam.
1178 1585 1275 1627 doce
1305 1598 1383 1627 nos
1403 1586 1584 1631 domine,

33 1653 152 1695 msed
182 1654 230 1695 in
260 1654 419 1696 iudicio
450 1656 489 1694 et
517 1666 602 1695 non
633 1654 682 1694 iri
712 1654 795 1705 ira,
829 1667 879 1695 nc
909 1666 1066 1706 paucos
1096 1666 1172 1695 ‘nos
1207 1653 1360 1706 facias.
1422 1654 1587 1706 effunde

81 1724 192 1764 iram
233 1726 350 1764 tuam
393 1736 519 1776 super
561 1726 700 1777 yentes
744 1736 851 1775 quae
886 1723 1075 1765 »nesciunt
1122 1725 1157 1764 tc
1203 1726 1240 1764 ct
1286 1737 1413 1776 super
1451 1737 1586 1777 remea

83 1805 188 1845 quae
217 1804 365 1833 nomen
395 1794 515 1832 tuum
546 1804 631 1833 non
665 1792 994 1845 inuocauerunt,
1025 1791 1129 1844 quia
1168 1791 1433 1832 comederunt
1464 1791 1587 1833 Iacob

84 1863 120 1902 et
151 1863 500 1913 consumpserunt
532 1860 655 1901 illum
687 1863 724 1902 et
749 1873 916 1913 pascua
948 1860 1040 1901 cius
1071 1861 1476 1901 exterminati-erunt.

140 1930 216 1970 ΙΙΙ.
251 1929 465 1982 Conspicis
496 1930 538 1970 te
570 1942 697 1970 unum
729 1941 821 1971 esse
853 1941 900 1970 ex
932 1928 1029 1977 illis,
1072 1929 1218 1970 contra
1249 1941 1352 1982 quos
1385 1928 1487 1970 dicit
1519 1928 1586 1970 dei

34 2008 67 2033 2⁵
86 1998 253 2051 spiritus
286 2010 333 2039 ex
364 2010 542 2051 persona
562 1997 702 2051 populi
728 1997 869 2039 nostri.
921 1997 1107 2051 respicis,
1142 1997 1220 2039 nisi
1242 1997 1284 2038 te
1317 1997 1586 2040 conuerteris.

87 2067 196 2120 quod
235 2066 297 2107 ira
338 2066 491 2108 domini
532 2066 646 2107 inte
680 2066 972 2120 alienigenam,
1014 2066 1053 2108 in
1093 2067 1135 2107 te
1166 2078 1323 2120 regem,
1371 2066 1467 2119 quia
1508 2078 1586 2108 non

86 2135 219 2177 solum
250 2147 329 2177 non
360 2135 624 2177 inuocaueris
656 2147 803 2177 nomen
838 2134 1006 2185 domini,
1047 2135 1120 2176 sed
1162 2135 1297 2176 adhuc
1338 2134 1464 2176 fueris
1497 2147 1589 2188 per-⁴

87 2205 269 2252 secutus,
305 2204 359 2245 sit
379 2205 567 2245 uentura.
593 2216 687 2245 nam
711 2205 753 2245 et
774 2216 869 2245 cum
895 2204 1016 2245 dicit:
1049 2205 1152 2257 quia
1173 2204 1440 2246 comederunt
1460 2203 1587 2245 Iacob

86 2274 124 2313 et
152 2276 500 2326 consumpserunt
529 2287 622 2314 eum
652 2277 689 2314 et
703 2286 872 2326 pascua
898 2273 987 2315 cius
1007 2272 1315 2323 dcsolaucrzmt‚
1350 2271 1442 2325 quis
1464 2283 1587 2324 repe-

35 2340 157 2381 soriri
187 2342 325 2394 potest
356 2353 446 2382 esse
478 2341 585 2382 inter
616 2342 891 2395 contyrannos
920 2342 1015 2383 tuos
1047 2341 1238 2394 princeps
1260 2340 1382 2382 huius
1405 2351 1587 2393 pascuae

88 2409 381 2451 exterminator
413 2410 489 2450 nisi
521 2410 579 2452 tu.
608 2409 728 2464 (qui)
756 2410 925 2462 quidem
956 2422 1032 2451 nec
1064 2409 1260 2451 laniando
1284 2409 1349 2450 dei
1374 2407 1587 2449 destiteris

226 2534 264 2567 14
290 2533 385 2569 Hier.
412 2534 444 2573 9,
470 2532 514 2568 26
611 2533 652 2567 18
678 2532 722 2568 ib.
751 2534 805 2573 10,
832 2532 968 2566 23—25
1061 2533 1105 2567 28
1130 2533 1176 2567 ib.
1205 2533 1258 2571 10.
1285 2534 1328 2567 ‘25

153 2647 176 2711 Ξ
202 2648 258 2691 qui
283 2659 302 2682 υ
452 2647 473 2682 3
499 2629 645 2682 οὓὶὀθτίε
678 2651 704 2683 (⁹
730 2660 772 2682 m.
804 2651 908 2691 rec),
941 2647 1086 2682 obiceris
1113 2659 1132 2681 v
1283 2648 1304 2680 5
1338 2646 1498 2682 athanasi

88 2716 127 2750 11
153 2718 339 2751 nocentum
370 2716 405 2758 (¹¹¹
430 2728 472 2750 m.
507 2718 591 2758 rec.)
625 2717 663 2756 V,
697 2717 731 2749 in
757 2717 978 2750 innocentem
1012 2716 1104 2750 coni.
1140 2716 1171 2749 T
1170 2716 1258 2750 ilius
1400 2716 1441 2749 15
1474 2726 1592 2749 omnes

88 2772 260 2808 Sabatier
397 2772 441 2806 23
466 2774 729 2807 consumserunt
859 2772 1186 2817 exterminauerunt]
1214 2771 1459 2807 desolauerunt
1486 2773 1591 2814 infra

90 2829 245 2872 Lucifer
392 2830 436 2864 29
469 2831 631 2875 repperiri
778 2830 817 2863 31
855 2829 911 2874 qui
946 2829 1082 2873 quidem
1109 2830 1263 2874 scripsi,
1298 2829 1435 2874 quidem
1469 2829 1526 2873 qui
1562 2841 1591 2867 r,

91 2885 227 2929 quidem
260 2887 290 2921 V
