1934 3278
642 259 696 293 De
721 258 861 303 regibus
887 260 1103 303 apostaticis
1567 263 1622 306 43

121 387 250 429 fuisse
280 386 490 434 conatum,
524 385 566 425 et
594 385 735 425 tamen
768 383 1044 437 superuixerit
1076 385 1191 426 annis
1224 398 1347 439 quam
1369 387 1558 440 plurimis
1580 388 1622 429 et

123 455 292 509 quidem
323 455 364 496 in
388 466 436 495 eo
459 453 618 495 scelere
650 465 837 502 manens,
861 454 970 495 sieut
992 454 1191 508 scriptum
1216 456 1305 495 est:
1337 459 1372 495 et
1394 459 1485 497 erat
1503 456 1621 497 homo

125 538 175 567 etc
206 527 343 566 monte
372 522 595 576 Eph-raem
615 535 761 564 seruus
783 522 1037 577 Salomonis,
1070 527 1105 566 et
1127 538 1279 566 nomeu
1298 525 1335 565 ei
1355 527 1447 565 erat
1468 524 1621 566 Hiero-

124 594 258 647 boam,
291 596 327 635 et
357 605 510 634 nomen
539 592 693 634 matris
722 592 812 634 eius
842 595 932 634 erat
954 593 1164 642 Sarimm,
1197 592 1350 634 mulier
1368 593 1623 645 fornicaria,

86 673 103 697 5
122 663 164 704 et
195 662 278 704 alio
309 661 424 703 loco:
456 664 493 702 et
522 661 684 713 factum
713 663 773 703 est
801 663 848 702 ut
870 662 1038 703 audiuit
1068 663 1203 704 omnis
1234 661 1388 715 Israel,
1420 663 1624 715 quoniam

124 744 316 773 reuersus
347 734 404 772 est
427 730 657 772 Hieroboas
687 743 737 771 ex
760 731 963 786 Aeqypto,
995 734 1031 772 et
1062 732 1267 772 miseruut
1296 734 1331 772 et
1362 734 1625 772 uocauerunt

123 813 218 842 eum
250 801 298 841 iu
327 812 544 854 synayoya
574 801 611 840 et
641 799 999 852 requificaueruut
1029 813 1122 841 eum
1153 801 1199 841 in
1228 799 1381 852 Israel,
1423 800 1465 841 et
1493 799 1621 840 infra:

123 871 160 910 et
181 869 295 910 discit
313 868 544 910 Hieroboas
566 868 614 909 in
635 867 753 909 corde
773 880 867 910 suo.-
888 881 1002 910 nuuc
1018 871 1249 910 reuertetur
1270 882 1444 923 reqnum
1458 868 1622 912 Dauid.

126 938 164 979 si
189 937 425 978 ascenderit
445 936 635 990 populus
665 936 733 978 hic
762 937 1020 990 sacrificium
1050 937 1200 989 offerre
1230 938 1279 979 iu
1309 938 1430 980 domo
1462 938 1624 980 domini

70 1014 104 1040 1⁰
126 1006 173 1048 in
203 1005 495 1056 Hierusalem,
527 1008 567 1047 et
596 1008 860 1047 conuertetur
891 1019 962 1048 cor
990 1006 1135 1059 populi
1166 1008 1222 1049 ad
1252 1007 1470 1048 dominum
1500 1019 1623 1048 suum

130 1073 317 1116 Roboam
347 1087 481 1128 reyem
512 1074 641 1116 Iuda.
675 1076 775 1116 tunc
806 1075 938 1128 iqitur
968 1074 1202 1116 Hieroboas
1223 1076 1422 1129 coyitauit
1442 1078 1481 1118 et
1502 1075 1622 1119 abiit.

125 1146 165 1185 et
193 1144 294 1197 fecit
321 1145 432 1186 duas
472 1142 636 1184 uitulus
672 1156 826 1185 aureas
863 1146 902 1186 et
930 1144 1043 1186 dixit
1082 1144 1139 1185 ad
1169 1144 1394 1196 populum:
1435 1144 1623 1197 sufficiat

125 1212 244 1254 uobis
275 1212 511 1254 ascendisse
540 1213 588 1254 in
618 1212 900 1255 Hierusalem.
949 1226 1033 1255 ecce
1062 1216 1162 1255 sunt
1191 1213 1255 1254 dii
1286 1213 1350 1254 tui
1381 1212 1520 1255 Israel
1549 1213 1623 1266 qui

127 1281 385 1323 reduxerunt
415 1284 452 1323 te
481 1280 530 1323 de
554 1284 668 1324 terra
700 1281 894 1336 Aeyypti.
927 1285 966 1323 et
988 1283 1133 1335 posuit
1162 1296 1298 1324 unam
1328 1283 1377 1324 in
1408 1281 1558 1325 Bethel
1589 1284 1625 1323 et

72 1356 104 1382 ¹⁵
124 1364 258 1392 uuam
287 1350 405 1393 dedit
431 1351 481 1392 in
510 1349 630 1393 Dan.
673 1353 713 1392 et
740 1351 902 1404 factum
933 1355 990 1394 est
1019 1351 1092 1394 hoc
1120 1353 1295 1395 uerbum
1330 1353 1375 1393 in
1391 1355 1624 1404 peccatum,

125 1423 162 1462 et
193 1419 458 1462 antecedebat
480 1419 672 1473 populus
703 1423 801 1462 ante
830 1420 986 1473 faciem
1006 1422 1135 1463 unius
1165 1423 1329 1464 uitulae
1358 1434 1486 1475 usque
1507 1419 1626 1462 Dan.

123 1491 161 1530 et
190 1488 376 1541 fecerunt
407 1488 550 1530 domos
579 1489 628 1530 in
659 1488 876 1538 excelsum,
908 1492 949 1531 et
977 1490 1075 1542 fecit
1105 1491 1336 1533 sacerdotes
1350 1493 1520 1543 partem
1541 1489 1626 1530 ali-

126 1571 255 1610 quam
279 1557 446 1610 populi,
479 1558 553 1610 qui
585 1571 670 1599 non
700 1565 821 1600 erant
851 1572 902 1600 ex
930 1559 1036 1612 siliis
1066 1559 1185 1602 Leui.
1218 1562 1255 1601 et
1274 1559 1371 1612 fecit
1393 1558 1626 1600 Hieroboas

129 1625 242 1667 diem
271 1626 422 1678 festum
452 1626 502 1667 in
531 1640 670 1668 mense
702 1630 848 1668 octauo
877 1627 926 1668 iu
947 1628 1100 1680 quinta
1120 1628 1285 1669 decima
1306 1627 1463 1669 mensis
1483 1639 1626 1669 secun-

72 1711 106 1736 ao
124 1696 226 1738 dum
257 1695 367 1738 diem
395 1694 547 1746 festum
578 1695 706 1748 Iuda,
739 1698 776 1737 et
806 1695 997 1737 ascendit
1025 1696 1074 1737 in
1103 1697 1295 1738 sacrario
1325 1695 1435 1749 quod
1463 1696 1559 1748 fecit
1579 1695 1628 1736 in

125 1764 288 1817 Bethel,
319 1767 365 1806 ut
397 1765 659 1818 sacrificaret
690 1769 787 1807 ante
816 1764 980 1807 uitulas
1010 1778 1117 1819 quas
1136 1766 1246 1818 fecit,
1278 1768 1314 1806 et
1335 1766 1550 1807 constituit
1575 1766 1623 1806 in

128 1834 278 1877 Bethel
295 1836 523 1878 sacerdotes
538 1834 789 1877 excelsorum
806 1848 909 1888 quos
924 1835 1032 1888 fecit.
1065 1838 1103 1877 et
1118 1834 1308 1876 ascendit
1324 1834 1372 1875 in
1386 1835 1626 1876 sacrarium

127 1904 237 1957 quod
265 1904 365 1957 fecit
395 1905 445 1946 in
475 1904 623 1956 quinto
644 1904 801 1946 decimo
821 1904 889 1946 die
910 1917 1048 1946 mense
1068 1907 1211 1945 octauo
1234 1903 1280 1945 in
1300 1903 1368 1945 die
1387 1903 1490 1955 festo
1509 1916 1628 1955 quem

127 1973 256 2026 fiuxit
287 1987 315 2014 a
345 1976 462 2014 corde
491 1986 580 2025 suo,
614 1977 650 2014 et
679 1973 779 2025 fecit
807 1973 917 2015 diem
946 1973 1097 2027 festum
1124 1974 1233 2027 siliis
1263 1972 1414 2014 Israel.

74 2053 108 2078 ²5
185 2042 283 2083 1111.
316 2042 422 2083 Nolo
455 2053 553 2095 ergo
585 2042 777 2096 glorieris
799 2042 923 2096 quod,
956 2055 1050 2084 cum
1072 2041 1353 2084 idololatriam
1386 2040 1442 2082 sis
1464 2052 1626 2094 gerens,

129 2111 270 2153 tamen
311 2112 432 2153 uiuas
474 2111 592 2165 regni
621 2111 852 2167 {possidens
890 2112 1079 2166 gloriam,
1127 2110 1292 2165 quando
1331 2109 1478 2151 uideas
1517 2109 1624 2150 hunc

130 2179 387 2221 Hieroboam
418 2180 574 2222 uitulas
607 2180 756 2222 fecisse
790 2193 952 2231 aureas,
983 2181 1182 2234 populum
1203 2179 1488 2221 Israelitarum
1520 2190 1624 2219 con-

127 2249 304 2290 uertisse
338 2249 391 2290 ad
422 2249 704 2291 idololatriam
744 2251 785 2291 et
824 2250 965 2291 tamen
1010 2262 1089 2291 non
1121 2249 1256 2291 solum
1295 2261 1373 2289 non
1406 2246 1549 2288 statim
1582 2246 1628 2286 ut

128 2317 364 2370 deliquerat
396 2318 636 2366 extinctum,
670 2318 744 2359 sed
777 2319 819 2359 et
851 2318 921 2359 diu
954 2319 1097 2360 uiuere
1129 2317 1391 2371 permissum.
1426 2314 1627 2367 numquid

74 2395 206 2425 annon
239 2385 433 2437 potuerat
465 2384 568 2426 deus
608 2384 777 2426 eosdem
816 2397 938 2438 reges
969 2385 1214 2427 idololatres
1246 2388 1491 2426 remouere?
1552 2382 1626 2423 sed

128 2454 340 2494 ostensum
382 2454 445 2494 est
485 2466 608 2506 quam
650 2453 740 2495 sitis
782 2453 935 2507 ingrati
977 2453 1053 2494 deo
1095 2466 1183 2495 uos.
1233 2453 1302 2505 qui
1336 2465 1430 2492 eum
1463 2452 1624 2492 tantum

129 2521 380 2572 exaltemini,
413 2523 553 2563 tamen
584 2521 720 2575 ipsum
762 2522 831 2575 qui
863 2535 938 2563 uos
982 2522 1138 2563 exaltat
1187 2534 1264 2562 non
1307 2521 1439 2562 solum
1473 2520 1626 2562 obliui-

264 2658 285 2691 2
310 2657 359 2692 111
383 2658 466 2703 Reg.
492 2657 539 2693 ib.
563 2658 618 2701 (cf.
647 2659 700 2698 11,
726 2658 783 2700 26)
881 2658 901 2690 5
927 2657 973 2693 ib.
1002 2658 1054 2697 12,
1081 2657 1124 2691 20
1219 2657 1239 2691 8
1264 2657 1309 2691 ib.
1338 2657 1390 2693 12.
1417 2656 1551 2691 26—32

199 2771 220 2805 3
246 2771 385 2816 ephrem
495 2774 534 2807 11
561 2772 677 2807 habiit
785 2772 829 2806 20
856 2774 938 2816 quot
1046 2771 1088 2805 27
1114 2771 1370 2826 israhelitarum
1487 2769 1531 2803 28
1557 2768 1625 2802 ido-

127 2828 267 2863 latriam
378 2830 490 2874 prius
522 2840 590 2864 non
617 2841 643 2864 s.
669 2830 689 2864 l.
719 2842 760 2864 ηι.
789 2833 804 2863 1
930 2828 975 2862 30
999 2827 1200 2862 idololatres
1224 2829 1263 2871 V,
1288 2827 1491 2872 idololatras
1520 2840 1536 2861 ι·

130 2885 174 2919 32
200 2886 453 2921 obliuiscamini
480 2888 513 2930 (a
540 2888 635 2921 inter
661 2887 893 2921 scribendum
919 2897 962 2920 ea:
988 2886 997 2919 i
1023 2892 1133 2929 corr.)
