1934 3278
596 236 649 271 De
675 237 797 270 sancto
822 234 1017 270 Athanasio
1043 234 1131 269 liber
1155 233 1180 269 1.
1588 236 1640 277 67

143 364 196 405 ad
230 362 354 404 deum
396 376 419 404 a
457 362 573 404 nobis
609 361 659 403 de
690 362 746 411 te,
794 361 999 415 quomodo
1040 360 1166 402 fuerit
1206 360 1363 403 dictum
1405 361 1455 403 de
1495 362 1643 417 refuga

141 433 213 474 illo
248 431 395 486 angelo
434 444 603 485 serpens
629 431 767 473 suasit
796 444 884 473 me:
917 430 1190 473 Constantius
1220 431 1452 483 imperator
1475 431 1641 473 seduxit

142 514 243 554 u0s‚·
273 500 528 542 credidimus
557 500 595 541 ei
626 513 720 541 eum
750 499 952 540 arbitrati
981 499 1112 552 fuisse
1143 498 1363 542 hominem.
1395 511 1474 541 non
1496 499 1640 541 uidere

142 569 328 622 potuisti,
362 569 459 623 quia
490 568 624 622 possis
654 567 730 608 tali
751 567 913 621 percuti
947 567 1013 609 dei
1034 567 1290 621 indignantis
1323 567 1529 609 sententia
1561 579 1643 621 qua.

110 650 367 691 spercussus
399 637 567 679 uidetur
599 637 640 678 et
673 639 870 690 serpens?
902 636 970 678 cui
999 636 1171 678 dicitur:
1203 636 1306 690 quia
1328 638 1373 678 tu
1390 637 1532 690 fecisti
1555 636 1641 691 hoc,

144 706 390 748 maledictus
436 709 481 747 tu
524 705 575 747 ab
616 705 804 746 omnibus
840 704 1070 757 pecudibus
1109 707 1145 746 et
1183 705 1235 746 ab
1274 704 1466 747 omnibus
1502 704 1643 747 bestiis

142 777 290 825 terrae,
324 788 430 828 quae
460 777 560 816 sunt
582 786 709 827 super
732 776 910 825 terram,·
941 786 1067 826 super
1085 775 1232 826 pectus
1254 775 1294 815 et
1312 775 1500 815 uentrem
1522 776 1640 815 tuum

144 855 259 896 repes
289 846 326 884 et
358 846 516 885 terram
538 843 628 885 edes
648 842 840 884 omnibus
863 842 1006 884 diebus
1027 842 1142 884 uitae
1163 844 1271 884 tuae.
1305 844 1345 884 et
1362 842 1641 885 inimicitiam

138 925 300 964 ponam
332 911 441 953 iuter
461 914 499 953 te
520 914 558 952 et
581 910 798 953 mulierem
820 913 857 952 et
876 911 987 952 inter
1007 923 1145 952 semen
1175 913 1296 952 tuum
1316 913 1354 953 et
1375 911 1486 953 iuter
1505 923 1643 953 semen

92 992 125 1016 10
142 981 250 1031 eius;
290 980 383 1034 ipse
413 983 533 1022 tuum
565 980 803 1022 obseruabit
834 982 972 1033 caput,
1015 982 1052 1021 et
1083 982 1130 1021 tu
1160 980 1250 1021 eius
1281 979 1519 1022 obseruabis
1551 980 1639 1022 cul·

144 1062 335 1092 cuneum.
368 1062 447 1090 non
480 1049 540 1090 ita
573 1049 614 1090 et
644 1049 686 1090 te
721 1048 787 1090 dei
820 1048 1017 1090 offensam
1038 1048 1250 1090 incurrere
1271 1049 1471 1102 potuisse,
1504 1050 1551 1091 ut
1570 1049 1642 1091 ille

143 1119 421 1160 incucurrerit
453 1118 640 1172 angelus,
684 1131 731 1160 ex
770 1119 846 1159 hac
886 1131 969 1159 una
1008 1118 1217 1160 sententia
1249 1118 1406 1159 domini
1439 1118 1644 1160 debueras

144 1187 369 1237 reminisci,
402 1187 646 1241 praesertim
679 1200 773 1229 cum
795 1199 1071 1242 cognosceres
1101 1188 1220 1229 tuum
1243 1187 1369 1228 etiam
1391 1199 1493 1241 opus
1516 1187 1643 1230 fuisse

145 1256 455 1309 serpentinum?
499 1269 548 1298 an
580 1268 676 1297 cum
706 1256 777 1298 ille
810 1268 978 1310 serpens
1011 1256 1135 1298 fuerit
1155 1256 1290 1298 factus
1321 1269 1369 1298 ex
1392 1256 1564 1310 angelis,
1597 1257 1643 1298 tu

94 1338 126 1363 15
147 1337 195 1366 ex
213 1324 447 1367 hominibus
465 1326 701 1378 serpentem
716 1325 758 1366 te
780 1324 871 1366 fieri
892 1324 1076 1378 potuisse
1096 1337 1139 1366 es
1165 1325 1420 1367 arbitratus?
1452 1325 1642 1373 minime3

146 1393 221 1435 sed
255 1393 371 1435 dicas
403 1393 544 1443 uelim,
578 1393 678 1448 quid
708 1393 873 1435 intersit
902 1393 1010 1435 inter
1041 1394 1160 1434 tuum
1193 1393 1316 1447 atque
1347 1393 1472 1435 huius
1506 1393 1642 1447 angeli

145 1463 315 1516 refugae
364 1463 578 1516 apostatae
626 1462 795 1504 factum.
859 1462 892 1504 si
938 1462 1009 1503 ille
1050 1462 1269 1504 mendacio
1308 1462 1475 1504 seduxit
1515 1462 1643 1504 rudes

148 1531 347 1578 homines,
382 1532 422 1572 et
442 1532 502 1576 tu.
531 1532 572 1572 et
594 1531 763 1584 quidem
783 1532 829 1572 tu
862 1543 939 1573 non
960 1531 1108 1578 rudes;
1142 1530 1175 1572 si
1198 1531 1269 1572 ille
1292 1531 1486 1572 utilitatis
1508 1531 1646 1585 gratia

148 1599 201 1640 ad
233 1600 391 1641 arboris
424 1612 565 1641 eorum
596 1599 741 1640 inlexit
770 1600 930 1641 mentes
963 1599 1122 1641 fructus
1145 1599 1342 1650 edendos,
1377 1600 1418 1641 et
1438 1601 1496 1650 tu,
1529 1600 1645 1654 pacis

92 1678 128 1704 20
148 1680 277 1709 causa
306 1668 348 1708 te
381 1668 516 1709 facere
544 1680 638 1709 cum
673 1667 939 1710 adstruxeris.

206 1737 258 1777 ΙΙ.
293 1735 480 1790 Cumque
503 1737 686 1778 omnium
707 1736 1037 1779 Christianorum
1059 1737 1164 1778 bono
1185 1738 1227 1778 te
1260 1737 1336 1778 hoc
1360 1749 1462 1790 opus
1494 1736 1646 1779 dixeris

149 1803 408 1858 adgressum,
433 1805 575 1858 utique
596 1805 786 1858 inspecta
816 1818 941 1858 opera
961 1806 1035 1847 tua
1058 1805 1179 1847 datur
1199 1805 1388 1860 intellegi
1412 1806 1647 1859 serpentem

147 1873 190 1914 te
223 1872 340 1914 illum
375 1886 465 1915 esse
496 1873 721 1915 imitatum.
775 1874 947 1927 cupiens
981 1873 1046 1915 dei
1068 1873 1360 1916 mandatorum
1393 1873 1483 1915 fieri
1505 1875 1646 1916 trans-

148 1952 376 1995 gressores.
411 1941 564 1984 dedisti
596 1942 822 1995 praecepta
863 1941 1145 1983 damnandum
1179 1955 1270 1984 esse
1301 1942 1536 1984 inauditum
1571 1943 1646 1984 ab-

94 2022 131 2047 25
150 2011 311 2051 sentem
345 2010 661 2064 negandamque
695 2011 951 2053 audientiam
983 2023 1160 2065 purgare
1184 2024 1304 2065 posse
1328 2024 1372 2053 se
1397 2011 1448 2053 de
1471 2011 1644 2053 crimine

151 2079 313 2121 obiecto
346 2079 633 2132 proclamanti.
695 2079 802 2121 Abel
832 2079 1081 2121 interficitur
1119 2080 1255 2122 iustus
1295 2081 1336 2121 et
1366 2080 1646 2134 interrogatus

153 2146 255 2188 Cain
296 2148 422 2188 sumit
453 2148 724 2195 sententiam3
776 2149 817 2189 et
853 2150 899 2190 tu
941 2148 1095 2190 domini
1134 2148 1368 2191 inauditum
1409 2149 1473 2190 uis
1512 2149 1645 2202 puniri

152 2215 444 2257 sacerdotem?
474 2216 614 2269 factus
635 2220 704 2269 est,
725 2217 871 2271 inquit,
895 2217 1000 2259 Abel
1022 2220 1172 2271 pastor
1195 2219 1350 2269 ouium,
1377 2218 1486 2259 Cain
1507 2220 1646 2259 autem

152 2287 242 2325 crat
274 2296 454 2337 operans
484 2287 654 2327 terram.
688 2287 727 2326 et
754 2285 917 2338 factum
948 2288 1021 2339 est,
1048 2289 1144 2339 post
1174 2286 1264 2328 dies
1293 2285 1439 2327 obtulit
1464 2284 1576 2328 Cain
1597 2285 1647 2327 de

98 2364 134 2390 ³0
151 2353 296 2405 fructu
327 2355 464 2395 terrae
494 2353 754 2406 sacrificium
784 2353 966 2408 domino,
1008 2357 1044 2396 et
1075 2354 1179 2396 Abel
1215 2353 1360 2396 obtulit
1397 2356 1435 2395 et
1475 2354 1560 2406 ipse
1599 2352 1649 2394 de

150 2421 358 2474 primitiis
388 2422 530 2463 ouium
561 2434 750 2476 suarum,
783 2424 818 2463 et
849 2422 1030 2476 respexit
1059 2422 1158 2464 detis
1187 2435 1313 2475 super
1334 2421 1437 2463 Abel
1468 2424 1504 2464 et
1525 2434 1651 2474 super

288 2523 308 2556 5
335 2522 420 2558 Gen.
446 2523 478 2562 3,
509 2524 559 2559 14.
587 2524 626 2557 15
721 2523 765 2558 28
790 2523 836 2559 ib.
860 2524 892 2568 4,
918 2524 1006 2558 2-7

223 2615 238 2648 1
266 2591 390 2650 addeum
416 2615 441 2659 (⁸¹
467 2627 508 2651 m.
528 2619 566 2660 2)
663 2616 776 2651 fuerat
795 2629 812 2652 v
905 2616 925 2650 3
951 2628 1064 2651 nonne
1084 2629 1101 2651 c
1196 2618 1214 2651 7
1234 2618 1289 2662 qui
1384 2617 1425 2651 10
1452 2616 1652 2652 Obseruauit

155 2694 173 2717 v
207 2721 210 2726 ,
284 2683 323 2717 11
350 2694 464 2719 nonne
491 2696 509 2719 v
619 2686 661 2720 12
684 2686 865 2720 incurrerit
892 2697 909 2719 υ
1022 2686 1061 2720 15
1086 2687 1121 2720 te
1146 2696 1173 2720 s.
1200 2685 1220 2720 l.
1250 2697 1291 2720 m.
1317 2687 1343 2720 2
1456 2686 1496 2720 19
1521 2667 1650 2719 fructsss

153 2739 327 2774 aedendos
482 2742 594 2777 uerba
621 2744 656 2777 et
681 2745 719 2776 tu
744 2743 838 2787 pacis
863 2762 906 2767 —
932 2743 1117 2778 astruxeris
1142 2743 1422 2790 conizmyuutur
1450 2744 1559 2789 uulyo

153 2789 198 2831 ‘20
223 2798 311 2843 cum]
339 2799 386 2833 eis
412 2799 499 2834 add.
532 2801 566 2835 V
584 2810 611 2835 s.
639 2800 659 2835 Ι.
687 2812 729 2835 m.
757 2811 823 2836 rec.
850 2804 883 2836 et
911 2812 928 2836 υ
1045 2800 1088 2835 23
1113 2801 1263 2847 cupiens]
1292 2812 1353 2836 nos
1379 2801 1467 2836 add.
1496 2800 1651 2836 Gallun-

155 2855 242 2889 ‹Iius
336 2856 379 2890 26
405 2857 653 2901 proclamatum
682 2870 698 2893 υ

1474 2926 1517 2958 5*
