1934 3278
539 252 594 288 De
619 252 740 287 sancto
764 251 959 287 Athanasio
983 252 1073 287 liber
1095 251 1121 287 I.
1511 254 1591 297 139

83 380 214 423 salem
243 380 292 422 in
311 392 467 422 manus
494 380 606 434 reqis
635 380 925 434 Assyriorum.
958 380 1016 422 sic
1039 381 1081 422 in
1102 380 1300 434 perieulis
1323 392 1367 423 es
1387 381 1448 431 tu,
1469 380 1590 423 blas·-

83 450 246 502 pheme.
278 449 326 490 ut
357 447 444 497 ille,
476 448 518 489 et
547 461 626 490 non
657 448 797 496 uides;
830 449 975 490 contra
997 461 1071 491 nos
1093 449 1162 491 dei
1182 449 1365 491 cultores
1397 448 1591 491 uidemus

82 518 197 559 tutos
219 516 494 570 defensosque
517 518 629 558 stare
650 516 893 559 incolumes.
933 516 1044 559 unde
1075 517 1156 559 tuti
1179 530 1321 559 sumus
1345 530 1391 558 ac
1417 517 1590 568 defensi,

83 586 163 627 nisi
194 585 293 639 quia
323 585 513 627 sanctam
542 586 762 627 teneamus
783 585 910 627 fidem
943 598 1069 639 quam
1093 586 1306 628 tenuerint
1325 586 1591 639 patriarchae

50 660 67 686 ⁵
83 654 309 708 prophetae
327 654 503 708 apostoli
521 666 567 696 ac
585 655 802 709 martyres,
821 655 926 697 hanc
945 667 1070 708 quam
1087 654 1285 697 iudicasti
1301 655 1559 697 haereticam
1572 657 1593 696 i>

142 723 336 765 XXXXI.
391 722 475 765 Sed
505 723 552 764 ut
581 722 734 765 iterum
774 722 828 765 ad
858 723 1136 765 Athanasium
1165 723 1402 773 redeamus,
1435 724 1477 765 in
1509 735 1591 777 quo

85 792 191 833 hanc
225 791 488 845 persequeris
519 803 684 834 sacram
714 790 855 841 fidem,
888 804 967 833 non
989 791 1181 842 timuisti,
1215 804 1285 834 oro
1305 793 1361 842 te,
1393 791 1591 846 indigna-

84 861 242 902 tionem
275 859 431 902 domini
463 859 609 901 contra
638 859 734 902 illos
765 859 986 913 prolatam,
1025 860 1093 913 qui
1128 861 1375 914 exprobrare
1404 861 1592 914 tempta-

84 929 237 970 uerunt
267 929 342 971 Iob
374 928 663 978 iustissimum,
696 929 744 970 ut
774 928 891 970 falsis
922 929 1166 971 criminibus
1195 931 1362 983 peteres
1395 929 1463 971 dei
1486 929 1591 972 anti-

35 1009 70 1034 10
85 998 256 1040 stitem‘?
302 1010 381 1040 non
411 998 565 1040 metuis
597 998 723 1040 etiam
755 1010 875 1048 nunc,
917 1011 968 1040 ne
1009 998 1062 1040 ad
1101 1000 1143 1040 te
1185 998 1300 1040 dicat
1332 997 1436 1040 deus
1482 1011 1592 1052 quae

87 1066 190 1108 dixit
219 1066 283 1108 illi
312 1067 401 1120 regi
431 1066 619 1121 loquenti
656 1067 802 1108 contra
839 1067 914 1109 Iob
957 1067 1289 1109 sanctissimum:
1321 1068 1507 1120 peccasti
1546 1070 1593 1108 tu

85 1139 124 1178 et
156 1136 286 1178 amici
317 1137 382 1178 tui
411 1136 545 1178 ambo.
596 1135 710 1178 nihil
749 1136 864 1178 enim
900 1136 994 1178 ueri
1033 1136 1159 1179 locuti
1196 1137 1294 1178 estis
1331 1149 1475 1179 coram
1514 1149 1592 1178 me.

86 1205 248 1246 interea
278 1205 337 1247 sic
370 1217 446 1247 uos
477 1203 641 1246 Arriani
673 1204 908 1257 superiores
939 1204 1131 1258 poteritis
1150 1204 1382 1246 Athanasio
1411 1204 1591 1246 inueniri

86 1286 193 1315 nunc
228 1274 338 1327 apud
371 1273 510 1323 deum,
542 1272 749 1326 quomodo
783 1274 825 1316 et
853 1273 917 1315 illi
948 1274 1046 1316 tunc
1079 1273 1240 1316 inuenti
1279 1274 1376 1315 sunt
1415 1273 1486 1326 qui
1516 1273 1592 1315 Iob

35 1353 69 1379 ιε
88 1343 347 1395 exprobrant.
380 1342 484 1384 utile
511 1343 576 1384 est
595 1342 685 1390 tibi,
710 1342 943 1393 Constanti,
974 1343 1020 1385 ut
1041 1355 1114 1396 per
1135 1343 1411 1385 Athanasium
1435 1341 1592 1384 domini

86 1411 350 1453 sacerdotem
380 1424 453 1464 pro
484 1411 737 1454 facinoribus
774 1411 859 1454 tuis
900 1412 957 1453 sis
999 1411 1172 1465 supplex
1214 1411 1305 1455 deo,
1352 1424 1424 1464 per
1454 1411 1592 1464 ipsum

87 1479 244 1534 dirigas
276 1481 376 1522 uota
405 1482 491 1527 tua,
525 1480 649 1522 sicuti
682 1481 723 1521 et
753 1480 814 1522 illi
845 1493 918 1534 per
950 1480 1045 1523 Iob:
1086 1493 1159 1534 per
1190 1480 1467 1522 Athanasium
1501 1479 1592 1521 siue

85 1561 158 1601 per
183 1549 451 1602 coepiscopos
475 1548 563 1590 eius
584 1548 658 1590 des
675 1561 844 1602 operam
861 1549 1090 1591 salutarem
1108 1549 1307 1602 consequi
1322 1548 1590 1602 baptismum.

87 1618 274 1658 ceterum
307 1629 387 1670 quo
408 1618 551 1659 uelitis
572 1630 648 1660 uos
667 1617 902 1671 torqueatis
924 1618 1048 1660 modo
1073 1617 1277 1659 aduersus
1299 1617 1590 1665 Athanasium,

34 1695 70 1721 2⁰
86 1698 163 1727 uos
195 1685 245 1727 de
278 1686 375 1727 filiis
408 1698 500 1728 esse
531 1686 786 1735 inuenimini,
828 1686 980 1740 quippe
1019 1686 1236 1735 haeretici,
1275 1686 1389 1727 illius
1428 1687 1593 1738 anguis,

86 1754 246 1795 colubri
267 1754 438 1808 refugae
462 1754 707 1801 desertoris:
739 1754 995 1796 Athanasius
1017 1766 1117 1796 uero
1140 1755 1204 1796 est
1225 1753 1293 1795 dei
1316 1753 1589 1801 domesticus,

86 1823 134 1863 ut
165 1822 242 1863 fuit
273 1823 367 1870 Iob;
401 1824 465 1864 est
497 1823 549 1865 de
579 1822 678 1865 filiis
708 1823 816 1865 lucis
849 1824 891 1866 et
922 1823 1055 1876 ipsam
1086 1828 1233 1865 tenens
1264 1822 1451 1864 iustitiae
1477 1822 1592 1863 uiam

89 1903 214 1945 quam
243 1892 380 1933 tenuit
410 1904 556 1934 seruus
589 1892 655 1934 dei
686 1893 785 1939 Iob;
827 1893 892 1934 est
928 1893 1019 1946 ipse
1059 1891 1278 1945 possidens
1309 1891 1450 1940 fidem,
1483 1891 1593 1932 unde

90 1961 132 2002 et
164 1959 215 2001 de
246 1959 343 2002 filiis
375 1960 631 2002 Athanasius
661 1961 856 2003 Abrahae
888 1961 963 2003 est.
1018 1961 1075 2002 sic
1110 1961 1177 2002 dei
1208 1959 1340 2002 filium
1373 1959 1596 2001 confitetur

39 2035 72 2062 ²⁵
90 2028 359 2078 Athanasius,
381 2030 428 2070 ut
444 2029 659 2071 confessus
678 2030 743 2071 est
757 2030 844 2072 Iob.
878 2030 948 2083 qui
966 2030 1040 2072 Iob
1060 2030 1170 2071 unde
1193 2029 1244 2071 de
1266 2028 1364 2070 filiis
1385 2029 1595 2077 Abrahae,

90 2097 170 2139 nisi
201 2098 300 2151 quia
331 2098 389 2140 sie
430 2097 669 2148 crediderit,
713 2098 919 2151 quomodo
951 2098 1032 2140 fuit
1061 2098 1237 2140 credens
1279 2099 1321 2139 et
1352 2098 1595 2140 Abraham?

91 2167 126 2208 si
156 2168 258 2208 haec
290 2167 352 2208 ita
382 2179 426 2208 se
458 2166 611 2208 habere
641 2167 823 2220 ignoras,
855 2180 1049 2220 percurre
1080 2168 1250 2209 beatum
1282 2166 1459 2208 Paulum
1492 2177 1595 2218 apo-

92 2235 245 2276 stolum
286 2247 364 2276 non
398 2235 533 2277 solum
566 2234 619 2276 ad
651 2236 874 2284 Romanos,
914 2235 989 2277 sed
1021 2235 1074 2277 ad
1107 2235 1297 2284 Galatas,
1337 2235 1379 2275 et
1408 2233 1597 2275 inuenies

90 2315 192 2345 uera
224 2316 315 2344 esse
347 2316 453 2357 quae
486 2303 719 2345 defendam.
753 2305 826 2346 aut
846 2304 1062 2357 numquid,
1095 2304 1194 2357 quia
1220 2304 1293 2345 Iob
1325 2303 1424 2344 iusti
1446 2303 1595 2343 beatus

41 2372 306 2425 ³⁰apostolus
337 2372 515 2414 nominis
554 2373 792 2426 specialiter
823 2385 902 2415 non
936 2373 1036 2414 fecit
1065 2373 1332 2414 mentionem.
1375 2370 1597 2423 negabitur

94 2440 166 2481 Iob
198 2441 248 2482 de
282 2441 380 2482 filiis
413 2454 503 2483 esse
535 2441 758 2483 Abrahae?
791 2442 825 2482 si
857 2453 935 2482 non
968 2443 1106 2493 potest
1136 2441 1279 2494 negari
1313 2440 1386 2482 Iob
1419 2451 1509 2481 esse
1543 2438 1596 2480 de

229 2567 266 2599 11
295 2565 356 2600 101>
381 2566 435 2610 42,
463 2568 480 2600 τ

162 2678 182 2712 2
209 2679 304 2713 inter
330 2678 427 2712 uides
454 2682 485 2713 et
512 2681 633 2713 contra
660 2689 734 2712 ras.
761 2682 783 2713 9
808 2679 886 2721 fere
911 2678 982 2713 lite.
1091 2680 1111 2742 ff
1137 2683 1323 2713 tenuerunt
1351 2690 1368 2714 v
1478 2680 1496 2712 7
1522 2690 1595 2723 per-

93 2747 267 2790 sequaeris
294 2759 337 2781 m.
362 2750 381 2782 1
512 2747 532 2780 9
558 2747 762 2781 antestitem
790 2759 832 2781 m.
860 2750 878 2781 1
1011 2747 1052 2781 10
1079 2750 1137 2781 ate
1271 2748 1312 2781 15
1338 2746 1597 2792 exprobrabant

94 2803 274 2838 Latinius
414 2804 455 2837 16
488 2805 605 2848 suplex
744 2803 789 2838 23
822 2805 897 2848 ipsa
931 2816 973 2838 m.
1009 2808 1026 2838 1
1167 2804 1211 2838 24
1243 2804 1372 2839 abraae
1407 2817 1447 2838 m.
1483 2809 1500 2838 1

93 2859 138 2894 28
161 2860 322 2904 galathas
