1934 3278
527 272 580 307 De
606 273 728 307 sancto
754 271 950 307 Athanasio
976 272 1064 307 liber
1089 271 1130 307 11.
1505 273 1584 316 193

82 413 212 454 oram,
253 411 384 450 neque
423 398 471 439 in
507 396 657 450 templo
695 410 825 450 neque
854 397 903 439 in
936 397 1117 440 Caesare
1146 397 1318 451 aliquid
1348 397 1581 451 deliquerit.

82 469 271 512 ethnicus
304 466 528 521 aequitatis
559 466 673 508 uiam
704 465 811 507 inter
830 466 1003 508 beatum
1034 466 1212 508 Paulum
1236 467 1277 508 et
1299 467 1583 510 cohomicidas

80 540 174 581 tuos
204 536 383 579 Iudaeos
414 535 561 585 tenuit,
604 535 646 577 et
684 535 730 576 tu
763 534 984 576 desideriis
1023 535 1229 578 malarum
1261 535 1582 577 meditationum

79 608 246 649 tuarum
277 617 422 659 parere
463 604 633 658 cupiens
666 603 922 657 aequitatem
953 604 1242 658 iustitiamque
1272 605 1502 647 tollendam
1535 619 1582 648 ex

43 687 63 713 ⁵
81 675 270 719 sensibus
301 685 524 716 censueras
555 672 719 715 nostris.

135 743 267 787 XXV.
301 742 386 785 Sed
417 741 624 796 quomodo
656 741 771 783 istud
801 741 940 783 facere
971 742 1241 795 potueramus
1273 743 1385 797 quod
1415 745 1461 785 tu
1493 743 1583 786 fieri

81 813 259 868 cogebas
290 811 435 854 contra
465 810 683 859 iustitiam,
728 810 798 864 qui
829 810 1164 853 meminissemus
1197 812 1418 866 scriptum:
1457 813 1584 855 nolite

79 882 272 924 iudicare
302 879 533 923 secundum
556 892 797 933 personam,
837 880 908 922 sed
936 880 1096 922 iustum
1127 881 1337 923 iudicium
1367 882 1584 925 iudicate?

79 952 280 994 damnate
310 949 558 991 inauditum
589 961 669 1002 quo
702 948 843 990 dixisti
875 949 1077 1002 tempore,
1110 961 1185 991 cur
1215 962 1295 992 non
1326 952 1582 994 memoratus

29 1028 63 1054 10
82 1032 124 1062 es
157 1018 311 1061 dixisse
332 1017 634 1060 Nicodemum:
665 1018 876 1071 numquid
898 1018 964 1060 lex
983 1022 1128 1060 nostra
1149 1019 1315 1061 iudicat
1333 1021 1382 1062 de
1403 1020 1581 1074 homine,

80 1089 167 1131 nisi
196 1088 350 1130 audiat
390 1087 442 1130 ab
485 1088 577 1141 ipso
616 1090 655 1129 et
692 1091 911 1142 coynoscat
941 1088 1045 1141 quid
1074 1088 1250 1141 fecerit?
1310 1101 1383 1130 cur
1414 1089 1583 1131 noluisti

81 1157 215 1199 audiri
246 1170 370 1210 quem
401 1169 518 1198 reum
550 1156 696 1198 mortis
738 1156 891 1207 dixisti,
936 1156 1014 1198 nisi
1055 1156 1153 1210 quia
1191 1156 1299 1199 falsa
1331 1157 1584 1200 detulisses?

78 1227 184 1269 dicit
215 1226 408 1268 dominus
440 1225 493 1267 ad
525 1225 727 1268 Iudaeos:
774 1225 847 1278 qui
888 1225 1075 1280 loquitur
1115 1226 1384 1268 mendacium
1422 1227 1472 1268 dc
1511 1240 1584 1269 suo

80 1296 275 1349 loquitur,
307 1296 510 1349 quoniam
539 1295 723 1337 mendam
754 1297 815 1337 est
844 1297 883 1337 et
906 1297 1031 1348 pater
1051 1295 1152 1336 eius.
1187 1294 1229 1336 et
1249 1295 1309 1345 tu,
1342 1307 1438 1336 cum
1462 1309 1582 1338 men-

29 1372 63 1399 ¹⁵
81 1363 160 1406 dax
196 1376 287 1406 esse
318 1363 533 1414 clarueris,
574 1362 773 1405 aestimas
813 1376 893 1405 non
932 1363 974 1404 te
1008 1375 1099 1404 esse
1131 1362 1264 1404 filium
1296 1364 1511 1406 mendacis
1544 1366 1585 1406 et

82 1433 211 1475 audes
232 1433 343 1474 filius
365 1432 581 1474 mendacis
602 1432 814 1483 resistere,
839 1433 1061 1474 ueracibus
1083 1432 1223 1482 fallax,
1257 1432 1413 1474 domini
1439 1446 1582 1476 sacer-

81 1501 247 1543 dotibus
279 1500 538 1555 sacrilegus?
568 1501 615 1542 tu
648 1500 792 1550 audes,
825 1512 949 1554 quem
972 1500 1243 1542 aduertamus
1266 1513 1356 1544 esse
1378 1502 1583 1545 latronem

81 1571 205 1625 atque
227 1570 362 1612 furem
382 1569 503 1611 illum
534 1581 658 1623 quem
679 1569 1012 1623 praeostenderit
1035 1569 1226 1611 dominus
1250 1569 1413 1612 dicens<
1446 1585 1583 1622 amen,

80 1653 201 1682 amen
230 1640 322 1682 dico
351 1639 480 1691 uobis,
513 1640 587 1693 qui
617 1652 704 1682 non
734 1639 872 1680 intrat
895 1653 976 1692 per
1008 1640 1188 1681 ianuam
1217 1641 1267 1682 in
1287 1639 1397 1682 ouile
1427 1641 1584 1690 auium,

26 1710 149 1752 aosed
179 1710 252 1762 qui
284 1708 472 1752 ascendit
493 1721 574 1762 per
603 1707 739 1750 aliam
762 1711 949 1762 partem,
981 1708 1052 1751 ille
1080 1708 1155 1761 fur
1184 1712 1244 1751 est
1263 1712 1302 1751 et
1331 1709 1454 1752 latro.
1485 1721 1583 1763 por-

80 1778 224 1821 rexisti
257 1778 427 1832 quidem
449 1790 597 1820 manus
629 1776 684 1819 ad
706 1776 863 1820 Christi
894 1789 996 1820 oues
1020 1778 1264 1820 antichristo
1286 1777 1583 1826 uindicandam

82 1846 154 1889 sed
186 1848 233 1888 ut
265 1859 309 1889 es
342 1847 508 1901 agnitus
539 1847 604 1888 fur
637 1847 762 1901 atque
791 1847 913 1897 latro,
957 1860 1000 1889 es
1039 1848 1199 1890 uitatus
1232 1849 1356 1902 atque
1388 1848 1583 1890 reiectus.

81 1929 153 1958 cur
182 1916 226 1958 te
257 1916 326 1958 uel
367 1916 699 1971 consacrilegum
738 1916 858 1958 tuum
893 1917 1122 1971 Georgium
1160 1929 1239 1959 non
1279 1917 1376 1958 sunt
1414 1917 1585 1959 secutae

82 1997 180 2027 oues
213 1984 308 2027 dei‘?
339 1997 412 2026 cur
443 1985 576 2035 illum,
609 1997 734 2039 quem
767 1997 858 2027 esse
884 1985 1261 2028 Alexandrinorum
1292 1985 1517 2027 fortissime
1541 1997 1584 2027 es

29 2062 65 2089 2⁶
83 2052 226 2095 dolens
258 2053 512 2108 episcopum,
536 2054 763 2096 secuntur?
795 2053 873 2096 nisi
905 2054 1004 2108 quia
1024 2054 1142 2096 illum
1165 2054 1335 2108 quidem
1356 2053 1585 2095 instituerit

82 2121 165 2164 illis
196 2122 441 2176 episcopum
473 2122 589 2173 deus,
621 2123 664 2164 te
697 2135 796 2165 uero
828 2123 953 2177 atque
988 2123 1218 2177 Georgium
1252 2123 1305 2164 ad
1336 2122 1583 2164 mactandas

81 2191 128 2232 ut
156 2190 340 2233 latrones
375 2192 417 2233 et
437 2191 550 2234 fures
571 2191 777 2234 inmiserit
799 2191 1004 2235 diabolus.
1037 2193 1111 2246 qui
1132 2193 1274 2234 intrat
1286 2205 1366 2246 per
1388 2193 1581 2239 ianuam,

80 2259 226 2314 inquit,
247 2263 398 2313 pastor
417 2263 477 2303 est
497 2261 666 2314 ouium5
693 2261 792 2304 huic
813 2262 1019 2304 ostiarius
1040 2262 1189 2315 aperit,
1221 2264 1260 2304 et
1282 2273 1377 2304 oues
1398 2261 1585 2302 audiunt

80 2342 218 2373 uocem
247 2329 336 2372 eius
365 2331 405 2371 et
433 2342 536 2372 suas
565 2342 661 2372 oues
690 2333 815 2373 uocat
845 2331 1102 2373 nominatim
1141 2333 1181 2372 et
1218 2329 1355 2372 educit
1384 2328 1512 2380 illas;
1548 2331 1585 2371 et

28 2404 64 2432 ⁸⁰
80 2411 174 2440 cum
201 2411 304 2440 suas
333 2410 475 2441 omnes
504 2398 679 2451 eiecerit,
710 2399 768 2441 ad
788 2398 892 2441 illas
910 2399 1047 2455 uadit,
1080 2402 1118 2440 et
1139 2411 1236 2441 oues
1256 2411 1350 2440 eum
1369 2400 1581 2451 secuntur,

81 2467 183 2520 qnia
211 2470 422 2509 nonerunt
449 2480 588 2509 uocem
608 2468 722 2519 eius,·
752 2467 934 2510 alterum
964 2479 1050 2509 non
1079 2469 1290 2518 secuntur,
1321 2466 1391 2508 sed
1410 2465 1584 2520 fugiunt

218 2604 238 2638 7
263 2603 336 2638 Ioh.
361 2605 393 2643 7,
419 2603 464 2638 24
566 2605 608 2640 10
632 2604 679 2639 ib.
706 2605 737 2644 7,
764 2605 805 2639 51
910 2603 952 2639 13
977 2603 1024 2638 ib.
1051 2603 1084 2642 8,
1111 2603 1155 2638 44
1251 2603 1293 2638 18
1318 2601 1364 2638 ib.
1392 2603 1445 2643 10,
1474 2603 1491 2639 l

81 2657 124 2693 27
149 2659 195 2694 ib.
221 2660 276 2701 10,
301 2660 391 2695 2-5

151 2773 167 2807 1
194 2774 361 2818 templum
387 2786 406 2809 i·
516 2774 666 2810 Caesare
691 2775 839 2820 scripsi,
866 2774 1052 2810 Caesarem
1085 2774 1135 2810 Vv
1255 2774 1296 2809 16
1321 2772 1427 2809 fallax
1452 2773 1582 2809 domini

82 2830 346 2866 sacerdotibus?
371 2831 559 2876 sacrilegus
584 2833 620 2867 tu
647 2832 760 2878 uulyo
786 2833 1038 2878 distinquitur
1154 2830 1199 2866 29
1225 2831 1349 2867 educet
1457 2831 1501 2866 30
1525 2831 1583 2876 ad]

79 2888 163 2922 ante
188 2888 369 2924 Latinius

150 2954 257 2990 XIIII.
1405 2957 1447 2992 13
