<?xml version="1.0" encoding="UTF-8"?>
<!DOCTYPE html PUBLIC "-//W3C//DTD XHTML 1.0 Transitional//EN"
    "http://www.w3.org/TR/xhtml1/DTD/xhtml1-transitional.dtd">
<html xmlns="http://www.w3.org/1999/xhtml" xml:lang="en" lang="en">
 <head>
  <title>
</title>
<meta http-equiv="Content-Type" content="text/html;charset=utf-8" />
  <meta name='ocr-system' content='tesseract 3.04.00' />
  <meta name='ocr-capabilities' content='ocr_page ocr_carea ocr_par ocr_line ocrx_word'/>
</head>
<body>
  <div class='ocr_page' id='page_1' title='image "./corpusscriptorum14luciuoft_0343.png"; bbox 0 0 1934 3278; ppageno 0'>
   <div class='ocr_carea' id='block_1_1' title="bbox 593 213 1644 258">
    <p class='ocr_par' dir='ltr' id='par_1_1' title="bbox 593 213 1644 258">
     <span class='ocr_line' id='line_1_1' title="bbox 593 213 1644 258; baseline 0.005 -10"><span class='ocrx_word' id='word_1_1' title='bbox 593 213 811 248; x_wconf 86' lang='lat' dir='ltr'>Moriendum</span> <span class='ocrx_word' id='word_1_2' title='bbox 837 224 911 248; x_wconf 87' lang='lat' dir='ltr'>esse</span> <span class='ocrx_word' id='word_1_3' title='bbox 936 224 998 258; x_wconf 86' lang='lat' dir='ltr'>pro</span> <span class='ocrx_word' id='word_1_4' title='bbox 1025 213 1080 248; x_wconf 88' lang='lat' dir='ltr'>dci</span> <span class='ocrx_word' id='word_1_5' title='bbox 1106 214 1189 249; x_wconf 79' lang='lat' dir='ltr'>filio.</span> <span class='ocrx_word' id='word_1_6' title='bbox 1562 215 1644 258; x_wconf 78' lang='lat'>291</span> 
     </span>
    </p>
   </div>
   <div class='ocr_carea' id='block_1_2' title="bbox 92 338 1646 2586">
    <p class='ocr_par' dir='ltr' id='par_1_2' title="bbox 92 338 1646 2586">
     <span class='ocr_line' id='line_1_2' title="bbox 142 338 1644 392; baseline 0.001 -11"><span class='ocrx_word' id='word_1_7' title='bbox 142 339 264 381; x_wconf 92' lang='lat' dir='ltr'>undis</span> <span class='ocrx_word' id='word_1_8' title='bbox 295 339 459 381; x_wconf 90' lang='lat' dir='ltr'>tuarum</span> <span class='ocrx_word' id='word_1_9' title='bbox 499 338 809 380; x_wconf 79' lang='lat' dir='ltr'>infestationum</span> <span class='ocrx_word' id='word_1_10' title='bbox 841 338 1289 392; x_wconf 80' lang='lat' dir='ltr'>circumspumantibus</span> <span class='ocrx_word' id='word_1_11' title='bbox 1321 341 1644 383; x_wconf 83' lang='lat' dir='ltr'>succumbemus</span> 
     </span>
     <span class='ocr_line' id='line_1_3' title="bbox 143 407 1643 462; baseline 0.002 -13"><span class='ocrx_word' id='word_1_12' title='bbox 143 407 296 461; x_wconf 87' lang='lat' dir='ltr'>operti,</span> <span class='ocrx_word' id='word_1_13' title='bbox 348 407 421 449; x_wconf 87' lang='lat' dir='ltr'>sed</span> <span class='ocrx_word' id='word_1_14' title='bbox 472 407 617 449; x_wconf 84' lang='lat' dir='ltr'>contra</span> <span class='ocrx_word' id='word_1_15' title='bbox 667 407 804 448; x_wconf 92' lang='lat' dir='ltr'>omnia</span> <span class='ocrx_word' id='word_1_16' title='bbox 847 407 999 448; x_wconf 87' lang='lat' dir='ltr'>erimus</span> <span class='ocrx_word' id='word_1_17' title='bbox 1051 420 1214 461; x_wconf 81' lang='lat' dir='ltr'>semper</span> <span class='ocrx_word' id='word_1_18' title='bbox 1266 408 1394 450; x_wconf 87' lang='lat' dir='ltr'>erecti</span> <span class='ocrx_word' id='word_1_19' title='bbox 1443 409 1643 462; x_wconf 75' lang='lat' dir='ltr'>pericula,</span> 
     </span>
     <span class='ocr_line' id='line_1_4' title="bbox 143 474 1645 530; baseline 0.003 -13"><span class='ocrx_word' id='word_1_20' title='bbox 143 475 349 529; x_wconf 89' lang='lat' dir='ltr'>siquidem</span> <span class='ocrx_word' id='word_1_21' title='bbox 381 488 459 517; x_wconf 95' lang='lat' dir='ltr'>non</span> <span class='ocrx_word' id='word_1_22' title='bbox 491 475 546 517; x_wconf 90' lang='lat' dir='ltr'>sit</span> <span class='ocrx_word' id='word_1_23' title='bbox 577 474 838 518; x_wconf 74' lang='lat' dir='ltr'>Christianus</span> <span class='ocrx_word' id='word_1_24' title='bbox 871 475 1031 517; x_wconf 90' lang='lat' dir='ltr'>animus</span> <span class='ocrx_word' id='word_1_25' title='bbox 1059 475 1245 519; x_wconf 86' lang='lat' dir='ltr'>abiectus</span> <span class='ocrx_word' id='word_1_26' title='bbox 1271 477 1341 530; x_wconf 89' lang='lat' dir='ltr'>qui</span> <span class='ocrx_word' id='word_1_27' title='bbox 1373 478 1582 520; x_wconf 74' lang='lat' dir='ltr'>sternatur</span> <span class='ocrx_word' id='word_1_28' title='bbox 1604 481 1645 521; x_wconf 87' lang='lat' dir='ltr'>et</span> 
     </span>
     <span class='ocr_line' id='line_1_5' title="bbox 141 533 1646 598; baseline 0.003 -14"><span class='ocrx_word' id='word_1_29' title='bbox 141 533 321 585; x_wconf 89' lang='lat' dir='ltr'>iactetur</span> <span class='ocrx_word' id='word_1_30' title='bbox 354 543 405 584; x_wconf 88' lang='lat' dir='ltr'>ad</span> <span class='ocrx_word' id='word_1_31' title='bbox 436 543 552 594; x_wconf 85' lang='lat' dir='ltr'>uitia,</span> <span class='ocrx_word' id='word_1_32' title='bbox 601 543 675 584; x_wconf 90' lang='lat' dir='ltr'>sed</span> <span class='ocrx_word' id='word_1_33' title='bbox 715 555 761 585; x_wconf 91' lang='lat' dir='ltr'>co</span> <span class='ocrx_word' id='word_1_34' title='bbox 801 555 932 597; x_wconf 89' lang='lat' dir='ltr'>usque</span> <span class='ocrx_word' id='word_1_35' title='bbox 973 544 1028 586; x_wconf 88' lang='lat' dir='ltr'>sit</span> <span class='ocrx_word' id='word_1_36' title='bbox 1057 556 1283 598; x_wconf 88' lang='lat' dir='ltr'>generosus</span> <span class='ocrx_word' id='word_1_37' title='bbox 1323 558 1370 587; x_wconf 92' lang='lat' dir='ltr'>ac</span> <span class='ocrx_word' id='word_1_38' title='bbox 1403 547 1566 598; x_wconf 88' lang='lat' dir='ltr'>nobilis,</span> <span class='ocrx_word' id='word_1_39' title='bbox 1599 549 1646 590; x_wconf 85' lang='lat' dir='ltr'>ut</span> 
     </span>
     <span class='ocr_line' id='line_1_6' title="bbox 107 611 1642 668; baseline 0.003 -14"><span class='ocrx_word' id='word_1_40' title='bbox 107 612 288 654; x_wconf 62' lang='lat' dir='ltr'>scontra</span> <span class='ocrx_word' id='word_1_41' title='bbox 335 611 471 653; x_wconf 90' lang='lat' dir='ltr'>omnia</span> <span class='ocrx_word' id='word_1_42' title='bbox 516 611 818 665; x_wconf 89' lang='lat' dir='ltr'>temptamenta</span> <span class='ocrx_word' id='word_1_43' title='bbox 864 612 1074 654; x_wconf 92' lang='lat' dir='ltr'>inmobilis</span> <span class='ocrx_word' id='word_1_44' title='bbox 1119 613 1337 668; x_wconf 91' lang='lat' dir='ltr'>uictorque</span> <span class='ocrx_word' id='word_1_45' title='bbox 1384 617 1642 668; x_wconf 89' lang='lat' dir='ltr'>permaneat.</span> 
     </span>
     <span class='ocr_line' id='line_1_7' title="bbox 143 679 1644 736; baseline 0.003 -15"><span class='ocrx_word' id='word_1_46' title='bbox 143 692 222 721; x_wconf 91' lang='lat' dir='ltr'>non</span> <span class='ocrx_word' id='word_1_47' title='bbox 256 693 400 722; x_wconf 89' lang='lat' dir='ltr'>sumus</span> <span class='ocrx_word' id='word_1_48' title='bbox 432 679 658 722; x_wconf 85' lang='lat' dir='ltr'>Christiani</span> <span class='ocrx_word' id='word_1_49' title='bbox 689 680 925 733; x_wconf 84' lang='lat' dir='ltr'>cogitantes</span> <span class='ocrx_word' id='word_1_50' title='bbox 955 682 1187 733; x_wconf 89' lang='lat' dir='ltr'>praesentis</span> <span class='ocrx_word' id='word_1_51' title='bbox 1219 681 1379 736; x_wconf 79' lang='lat' dir='ltr'>fragilis</span> <span class='ocrx_word' id='word_1_52' title='bbox 1410 683 1524 726; x_wconf 91' lang='lat' dir='ltr'>uitae</span> <span class='ocrx_word' id='word_1_53' title='bbox 1548 684 1644 726; x_wconf 87' lang='lat' dir='ltr'>dul-</span> 
     </span>
     <span class='ocr_line' id='line_1_8' title="bbox 143 747 1643 803; baseline 0.004 -14"><span class='ocrx_word' id='word_1_54' title='bbox 143 747 289 790; x_wconf 89' lang='lat' dir='ltr'>cedine</span> <span class='ocrx_word' id='word_1_55' title='bbox 320 748 488 801; x_wconf 84' lang='lat' dir='ltr'>perfrui,</span> <span class='ocrx_word' id='word_1_56' title='bbox 522 748 594 789; x_wconf 87' lang='lat' dir='ltr'>sed</span> <span class='ocrx_word' id='word_1_57' title='bbox 627 761 769 790; x_wconf 91' lang='lat' dir='ltr'>sumus</span> <span class='ocrx_word' id='word_1_58' title='bbox 801 749 976 802; x_wconf 89' lang='lat' dir='ltr'>adipisci</span> <span class='ocrx_word' id='word_1_59' title='bbox 1007 750 1222 803; x_wconf 89' lang='lat' dir='ltr'>cupientes</span> <span class='ocrx_word' id='word_1_60' title='bbox 1255 751 1449 793; x_wconf 86' lang='lat' dir='ltr'>aeternae</span> <span class='ocrx_word' id='word_1_61' title='bbox 1482 753 1643 795; x_wconf 88' lang='lat' dir='ltr'>securi-</span> 
     </span>
     <span class='ocr_line' id='line_1_9' title="bbox 141 816 1639 873; baseline 0.005 -16"><span class='ocrx_word' id='word_1_62' title='bbox 141 817 242 858; x_wconf 88' lang='lat' dir='ltr'>tatis</span> <span class='ocrx_word' id='word_1_63' title='bbox 266 817 307 858; x_wconf 88' lang='lat' dir='ltr'>et</span> <span class='ocrx_word' id='word_1_64' title='bbox 329 816 543 858; x_wconf 86' lang='lat' dir='ltr'>felicitatis</span> <span class='ocrx_word' id='word_1_65' title='bbox 565 816 755 870; x_wconf 80' lang='lat' dir='ltr'>gloriam,</span> <span class='ocrx_word' id='word_1_66' title='bbox 778 817 1004 871; x_wconf 87' lang='lat' dir='ltr'>perpetuae</span> <span class='ocrx_word' id='word_1_67' title='bbox 1027 818 1299 861; x_wconf 87' lang='lat' dir='ltr'>beatitudinis</span> <span class='ocrx_word' id='word_1_68' title='bbox 1320 822 1639 873; x_wconf 89' lang='lat' dir='ltr'>possessionem.</span> 
     </span>
     <span class='ocr_line' id='line_1_10' title="bbox 142 884 1641 943; baseline 0.002 -16"><span class='ocrx_word' id='word_1_69' title='bbox 142 885 339 927; x_wconf 91' lang='lat' dir='ltr'>Iohannis</span> <span class='ocrx_word' id='word_1_70' title='bbox 373 884 547 938; x_wconf 89' lang='lat' dir='ltr'>apostoli</span> <span class='ocrx_word' id='word_1_71' title='bbox 579 885 705 935; x_wconf 81' lang='lat' dir='ltr'>beati,</span> <span class='ocrx_word' id='word_1_72' title='bbox 747 885 794 925; x_wconf 90' lang='lat' dir='ltr'>ut</span> <span class='ocrx_word' id='word_1_73' title='bbox 823 886 990 927; x_wconf 89' lang='lat' dir='ltr'>terrena</span> <span class='ocrx_word' id='word_1_74' title='bbox 1021 886 1261 938; x_wconf 79' lang='lat' dir='ltr'>spernentes</span> <span class='ocrx_word' id='word_1_75' title='bbox 1293 887 1494 930; x_wconf 87' lang='lat' dir='ltr'>caelestia</span> <span class='ocrx_word' id='word_1_76' title='bbox 1526 891 1641 943; x_wconf 90' lang='lat' dir='ltr'>sequi</span> 
     </span>
     <span class='ocr_line' id='line_1_11' title="bbox 92 953 1645 1007; baseline 0.004 -13"><span class='ocrx_word' id='word_1_77' title='bbox 92 970 125 995; x_wconf 77' lang='grc' dir='ltr'>ιο</span> <span class='ocrx_word' id='word_1_78' title='bbox 144 954 444 1003; x_wconf 81' lang='lat' dir='ltr'>desideremuS‚</span> <span class='ocrx_word' id='word_1_79' title='bbox 485 953 689 995; x_wconf 86' lang='lat' dir='ltr'>hortantis</span> <span class='ocrx_word' id='word_1_80' title='bbox 727 953 925 1007; x_wconf 91' lang='lat' dir='ltr'>religiosa</span> <span class='ocrx_word' id='word_1_81' title='bbox 955 966 1035 995; x_wconf 87' lang='lat' dir='ltr'>uox</span> <span class='ocrx_word' id='word_1_82' title='bbox 1068 954 1151 995; x_wconf 91' lang='lat' dir='ltr'>est:</span> <span class='ocrx_word' id='word_1_83' title='bbox 1198 957 1236 996; x_wconf 78' lang='lat' dir='ltr'>et</span> <span class='ocrx_word' id='word_1_84' title='bbox 1265 956 1452 998; x_wconf 78' lang='lat' dir='ltr'>mundus</span> <span class='ocrx_word' id='word_1_85' title='bbox 1484 959 1645 1000; x_wconf 75' lang='lat' dir='ltr'>transit</span> 
     </span>
     <span class='ocr_line' id='line_1_12' title="bbox 142 1021 1645 1076; baseline 0.001 -11"><span class='ocrx_word' id='word_1_86' title='bbox 142 1027 178 1065; x_wconf 80' lang='lat' dir='ltr'>et</span> <span class='ocrx_word' id='word_1_87' title='bbox 211 1023 549 1076; x_wconf 75' lang='lat' dir='ltr'>concupiscentia</span> <span class='ocrx_word' id='word_1_88' title='bbox 579 1022 689 1073; x_wconf 80' lang='lat' dir='ltr'>eius‚·</span> <span class='ocrx_word' id='word_1_89' title='bbox 720 1022 793 1075; x_wconf 73' lang='lat' dir='ltr'>qui</span> <span class='ocrx_word' id='word_1_90' title='bbox 814 1024 953 1063; x_wconf 76' lang='lat' dir='ltr'>autem</span> <span class='ocrx_word' id='word_1_91' title='bbox 974 1021 1116 1074; x_wconf 70' lang='lat' dir='ltr'>fecerit</span> <span class='ocrx_word' id='word_1_92' title='bbox 1138 1021 1395 1064; x_wconf 72' lang='lat' dir='ltr'>uoluntatem</span> <span class='ocrx_word' id='word_1_93' title='bbox 1416 1024 1482 1066; x_wconf 75' lang='lat' dir='ltr'>dei</span> <span class='ocrx_word' id='word_1_94' title='bbox 1503 1029 1645 1067; x_wconf 79' lang='lat' dir='ltr'>manet</span> 
     </span>
     <span class='ocr_line' id='line_1_13' title="bbox 143 1091 1401 1146; baseline -0.002 -12"><span class='ocrx_word' id='word_1_95' title='bbox 143 1093 191 1134; x_wconf 78' lang='lat' dir='ltr'>in</span> <span class='ocrx_word' id='word_1_96' title='bbox 221 1095 450 1146; x_wconf 78' lang='lat' dir='ltr'>aeternum,</span> <span class='ocrx_word' id='word_1_97' title='bbox 483 1091 685 1145; x_wconf 79' lang='lat' dir='ltr'>quomodo</span> <span class='ocrx_word' id='word_1_98' title='bbox 717 1094 754 1132; x_wconf 74' lang='lat' dir='ltr'>et</span> <span class='ocrx_word' id='word_1_99' title='bbox 784 1091 885 1132; x_wconf 81' lang='lat' dir='ltr'>deus</span> <span class='ocrx_word' id='word_1_100' title='bbox 916 1093 1061 1132; x_wconf 77' lang='lat' dir='ltr'>manet</span> <span class='ocrx_word' id='word_1_101' title='bbox 1091 1091 1139 1133; x_wconf 76' lang='lat' dir='ltr'>in</span> <span class='ocrx_word' id='word_1_102' title='bbox 1170 1094 1401 1133; x_wconf 75' lang='lat' dir='ltr'>aeteruum.</span> 
     </span>
     <span class='ocr_line' id='line_1_14' title="bbox 201 1159 1644 1213; baseline 0.001 -11"><span class='ocrx_word' id='word_1_103' title='bbox 201 1162 299 1202; x_wconf 90' lang='lat' dir='ltr'><strong>IIII.</strong></span> <span class='ocrx_word' id='word_1_104' title='bbox 335 1160 439 1203; x_wconf 88' lang='lat' dir='ltr'>Cum</span> <span class='ocrx_word' id='word_1_105' title='bbox 472 1161 573 1201; x_wconf 90' lang='lat' dir='ltr'>haec</span> <span class='ocrx_word' id='word_1_106' title='bbox 607 1159 666 1200; x_wconf 90' lang='lat' dir='ltr'>ita</span> <span class='ocrx_word' id='word_1_107' title='bbox 698 1159 792 1209; x_wconf 77' lang='lat' dir='ltr'>sint,</span> <span class='ocrx_word' id='word_1_108' title='bbox 826 1159 947 1212; x_wconf 90' lang='lat' dir='ltr'>cupio</span> <span class='ocrx_word' id='word_1_109' title='bbox 979 1159 1020 1200; x_wconf 88' lang='lat' dir='ltr'>te</span> <span class='ocrx_word' id='word_1_110' title='bbox 1053 1171 1304 1213; x_wconf 86' lang='lat' dir='ltr'>cognoscere</span> <span class='ocrx_word' id='word_1_111' title='bbox 1337 1172 1432 1201; x_wconf 89' lang='lat' dir='ltr'>cum</span> <span class='ocrx_word' id='word_1_112' title='bbox 1455 1161 1644 1203; x_wconf 89' lang='lat' dir='ltr'>omnibus</span> 
     </span>
     <span class='ocr_line' id='line_1_15' title="bbox 142 1227 1644 1283; baseline 0 -12"><span class='ocrx_word' id='word_1_113' title='bbox 142 1230 226 1271; x_wconf 91' lang='lat' dir='ltr'>tuis</span> <span class='ocrx_word' id='word_1_114' title='bbox 257 1229 496 1283; x_wconf 83' lang='lat' dir='ltr'>praestigiis</span> <span class='ocrx_word' id='word_1_115' title='bbox 530 1241 575 1269; x_wconf 82' lang='lat' dir='ltr'>ac</span> <span class='ocrx_word' id='word_1_116' title='bbox 611 1227 824 1270; x_wconf 87' lang='lat' dir='ltr'>fraudibus</span> <span class='ocrx_word' id='word_1_117' title='bbox 857 1239 1035 1280; x_wconf 89' lang='lat' dir='ltr'>cumque</span> <span class='ocrx_word' id='word_1_118' title='bbox 1058 1227 1300 1268; x_wconf 89' lang='lat' dir='ltr'>uastissima</span> <span class='ocrx_word' id='word_1_119' title='bbox 1322 1228 1524 1270; x_wconf 89' lang='lat' dir='ltr'>saeuitiae</span> <span class='ocrx_word' id='word_1_120' title='bbox 1545 1230 1644 1271; x_wconf 88' lang='lat' dir='ltr'>tuae</span> 
     </span>
     <span class='ocr_line' id='line_1_16' title="bbox 93 1295 1643 1351; baseline 0.003 -15"><span class='ocrx_word' id='word_1_121' title='bbox 93 1311 126 1337; x_wconf 79' lang='lat'>1⁵</span> <span class='ocrx_word' id='word_1_122' title='bbox 144 1298 392 1340; x_wconf 87' lang='lat' dir='ltr'>crudelitate</span> <span class='ocrx_word' id='word_1_123' title='bbox 415 1298 551 1339; x_wconf 88' lang='lat' dir='ltr'>iacere</span> <span class='ocrx_word' id='word_1_124' title='bbox 573 1296 615 1337; x_wconf 91' lang='lat' dir='ltr'>te</span> <span class='ocrx_word' id='word_1_125' title='bbox 638 1296 780 1337; x_wconf 90' lang='lat' dir='ltr'>subter</span> <span class='ocrx_word' id='word_1_126' title='bbox 801 1295 929 1349; x_wconf 89' lang='lat' dir='ltr'>pedes</span> <span class='ocrx_word' id='word_1_127' title='bbox 953 1295 1019 1337; x_wconf 92' lang='lat' dir='ltr'>dei</span> <span class='ocrx_word' id='word_1_128' title='bbox 1038 1308 1267 1347; x_wconf 83' lang='lat' dir='ltr'>seruorum,</span> <span class='ocrx_word' id='word_1_129' title='bbox 1285 1308 1448 1338; x_wconf 91' lang='lat' dir='ltr'>omnem</span> <span class='ocrx_word' id='word_1_130' title='bbox 1464 1298 1643 1351; x_wconf 89' lang='lat' dir='ltr'>gloriam</span> 
     </span>
     <span class='ocr_line' id='line_1_17' title="bbox 142 1364 1643 1420; baseline 0.001 -12"><span class='ocrx_word' id='word_1_131' title='bbox 142 1368 240 1408; x_wconf 88' lang='lat' dir='ltr'>tuae</span> <span class='ocrx_word' id='word_1_132' title='bbox 271 1379 405 1408; x_wconf 91' lang='lat' dir='ltr'>uanae</span> <span class='ocrx_word' id='word_1_133' title='bbox 439 1365 730 1407; x_wconf 89' lang='lat' dir='ltr'>dominationis</span> <span class='ocrx_word' id='word_1_134' title='bbox 763 1365 860 1406; x_wconf 90' lang='lat' dir='ltr'>duci</span> <span class='ocrx_word' id='word_1_135' title='bbox 894 1377 917 1406; x_wconf 89' lang='lat' dir='ltr'>a</span> <span class='ocrx_word' id='word_1_136' title='bbox 947 1364 1065 1407; x_wconf 91' lang='lat' dir='ltr'>nobis</span> <span class='ocrx_word' id='word_1_137' title='bbox 1097 1364 1221 1419; x_wconf 89' lang='lat' dir='ltr'>atque</span> <span class='ocrx_word' id='word_1_138' title='bbox 1254 1365 1398 1407; x_wconf 88' lang='lat' dir='ltr'>haberi</span> <span class='ocrx_word' id='word_1_139' title='bbox 1418 1379 1491 1420; x_wconf 90' lang='lat' dir='ltr'>pro</span> <span class='ocrx_word' id='word_1_140' title='bbox 1514 1366 1643 1409; x_wconf 92' lang='lat' dir='ltr'>nihilo</span> 
     </span>
     <span class='ocr_line' id='line_1_18' title="bbox 142 1433 1643 1490; baseline 0.001 -14"><span class='ocrx_word' id='word_1_141' title='bbox 142 1435 327 1489; x_wconf 89' lang='lat' dir='ltr'>nihilque</span> <span class='ocrx_word' id='word_1_142' title='bbox 359 1435 400 1476; x_wconf 91' lang='lat' dir='ltr'>te</span> <span class='ocrx_word' id='word_1_143' title='bbox 434 1434 545 1476; x_wconf 91' lang='lat' dir='ltr'>aliud</span> <span class='ocrx_word' id='word_1_144' title='bbox 580 1446 670 1475; x_wconf 91' lang='lat' dir='ltr'>esse</span> <span class='ocrx_word' id='word_1_145' title='bbox 704 1447 728 1475; x_wconf 89' lang='lat' dir='ltr'>a</span> <span class='ocrx_word' id='word_1_146' title='bbox 759 1433 876 1475; x_wconf 92' lang='lat' dir='ltr'>nobis</span> <span class='ocrx_word' id='word_1_147' title='bbox 908 1433 1053 1475; x_wconf 90' lang='lat' dir='ltr'>sentiri</span> <span class='ocrx_word' id='word_1_148' title='bbox 1085 1446 1180 1474; x_wconf 89' lang='lat' dir='ltr'>cum</span> <span class='ocrx_word' id='word_1_149' title='bbox 1213 1433 1323 1475; x_wconf 91' lang='lat' dir='ltr'>omni</span> <span class='ocrx_word' id='word_1_150' title='bbox 1349 1434 1493 1489; x_wconf 91' lang='lat' dir='ltr'>uigore</span> <span class='ocrx_word' id='word_1_151' title='bbox 1516 1436 1643 1490; x_wconf 89' lang='lat' dir='ltr'>atque</span> 
     </span>
     <span class='ocr_line' id='line_1_19' title="bbox 144 1501 1642 1556; baseline 0.001 -11"><span class='ocrx_word' id='word_1_152' title='bbox 144 1504 395 1545; x_wconf 88' lang='lat' dir='ltr'>auctoritate</span> <span class='ocrx_word' id='word_1_153' title='bbox 417 1503 579 1556; x_wconf 89' lang='lat' dir='ltr'>imperii</span> <span class='ocrx_word' id='word_1_154' title='bbox 604 1502 665 1544; x_wconf 91' lang='lat' dir='ltr'>tui</span> <span class='ocrx_word' id='word_1_155' title='bbox 688 1515 812 1556; x_wconf 89' lang='lat' dir='ltr'>quam</span> <span class='ocrx_word' id='word_1_156' title='bbox 834 1502 1001 1544; x_wconf 88' lang='lat' dir='ltr'>inanem</span> <span class='ocrx_word' id='word_1_157' title='bbox 1026 1501 1227 1543; x_wconf 89' lang='lat' dir='ltr'>aurulam.</span> <span class='ocrx_word' id='word_1_158' title='bbox 1260 1502 1419 1544; x_wconf 91' lang='lat' dir='ltr'>iactare</span> <span class='ocrx_word' id='word_1_159' title='bbox 1442 1516 1516 1546; x_wconf 91' lang='lat' dir='ltr'>nos</span> <span class='ocrx_word' id='word_1_160' title='bbox 1538 1505 1642 1546; x_wconf 88' lang='lat' dir='ltr'>haec</span> 
     </span>
     <span class='ocr_line' id='line_1_20' title="bbox 145 1570 1643 1626; baseline 0.002 -13"><span class='ocrx_word' id='word_1_161' title='bbox 145 1572 363 1626; x_wconf 89' lang='lat' dir='ltr'>quisquam</span> <span class='ocrx_word' id='word_1_162' title='bbox 405 1571 454 1613; x_wconf 90' lang='lat' dir='ltr'>de</span> <span class='ocrx_word' id='word_1_163' title='bbox 496 1572 580 1613; x_wconf 88' lang='lat' dir='ltr'>tuis</span> <span class='ocrx_word' id='word_1_164' title='bbox 617 1571 806 1613; x_wconf 88' lang='lat' dir='ltr'>fortassis</span> <span class='ocrx_word' id='word_1_165' title='bbox 847 1570 962 1612; x_wconf 89' lang='lat' dir='ltr'>dicat</span> <span class='ocrx_word' id='word_1_166' title='bbox 994 1570 1294 1612; x_wconf 87' lang='lat' dir='ltr'>adulatoribus.</span> <span class='ocrx_word' id='word_1_167' title='bbox 1357 1584 1434 1613; x_wconf 92' lang='lat' dir='ltr'>non</span> <span class='ocrx_word' id='word_1_168' title='bbox 1474 1573 1643 1625; x_wconf 85' lang='lat' dir='ltr'>retines,</span> 
     </span>
     <span class='ocr_line' id='line_1_21' title="bbox 93 1639 1643 1696; baseline -0.001 -12"><span class='ocrx_word' id='word_1_169' title='bbox 93 1658 126 1684; x_wconf 85' lang='lat'>20</span> <span class='ocrx_word' id='word_1_170' title='bbox 146 1640 374 1691; x_wconf 81' lang='lat' dir='ltr'>Constanti,</span> <span class='ocrx_word' id='word_1_171' title='bbox 411 1640 561 1682; x_wconf 84' lang='lat' dir='ltr'>dixisse</span> <span class='ocrx_word' id='word_1_172' title='bbox 594 1652 660 1681; x_wconf 90' lang='lat' dir='ltr'>me</span> <span class='ocrx_word' id='word_1_173' title='bbox 691 1639 899 1681; x_wconf 90' lang='lat' dir='ltr'>iudicibus</span> <span class='ocrx_word' id='word_1_174' title='bbox 929 1639 971 1681; x_wconf 91' lang='lat' dir='ltr'>te</span> <span class='ocrx_word' id='word_1_175' title='bbox 1003 1639 1098 1681; x_wconf 91' lang='lat' dir='ltr'>uelo</span> <span class='ocrx_word' id='word_1_176' title='bbox 1129 1639 1257 1682; x_wconf 90' lang='lat' dir='ltr'>misso</span> <span class='ocrx_word' id='word_1_177' title='bbox 1291 1640 1485 1682; x_wconf 87' lang='lat' dir='ltr'>audiente</span> <span class='ocrx_word' id='word_1_178' title='bbox 1519 1641 1643 1696; x_wconf 83' lang='lat' dir='ltr'>quod,</span> 
     </span>
     <span class='ocr_line' id='line_1_22' title="bbox 142 1707 1644 1764; baseline 0.001 -13"><span class='ocrx_word' id='word_1_179' title='bbox 142 1709 244 1751; x_wconf 90' lang='lat' dir='ltr'>licet</span> <span class='ocrx_word' id='word_1_180' title='bbox 273 1709 408 1751; x_wconf 87' lang='lat' dir='ltr'>totum</span> <span class='ocrx_word' id='word_1_181' title='bbox 441 1708 616 1751; x_wconf 89' lang='lat' dir='ltr'>militem</span> <span class='ocrx_word' id='word_1_182' title='bbox 648 1709 766 1750; x_wconf 90' lang='lat' dir='ltr'>tuum</span> <span class='ocrx_word' id='word_1_183' title='bbox 797 1709 837 1749; x_wconf 89' lang='lat' dir='ltr'>in</span> <span class='ocrx_word' id='word_1_184' title='bbox 869 1721 945 1749; x_wconf 89' lang='lat' dir='ltr'>nos</span> <span class='ocrx_word' id='word_1_185' title='bbox 977 1707 1238 1750; x_wconf 89' lang='lat' dir='ltr'>decreuisses</span> <span class='ocrx_word' id='word_1_186' title='bbox 1268 1708 1407 1751; x_wconf 88' lang='lat' dir='ltr'>iacere</span> <span class='ocrx_word' id='word_1_187' title='bbox 1437 1710 1555 1764; x_wconf 90' lang='lat' dir='ltr'>regni</span> <span class='ocrx_word' id='word_1_188' title='bbox 1581 1711 1644 1752; x_wconf 91' lang='lat' dir='ltr'>tui</span> 
     </span>
     <span class='ocr_line' id='line_1_23' title="bbox 143 1776 1643 1833; baseline 0.001 -14"><span class='ocrx_word' id='word_1_189' title='bbox 143 1779 241 1827; x_wconf 80' lang='lat' dir='ltr'>tela,</span> <span class='ocrx_word' id='word_1_190' title='bbox 274 1777 313 1819; x_wconf 93' lang='lat' dir='ltr'>in</span> <span class='ocrx_word' id='word_1_191' title='bbox 346 1790 420 1819; x_wconf 93' lang='lat' dir='ltr'>nos</span> <span class='ocrx_word' id='word_1_192' title='bbox 453 1778 736 1819; x_wconf 81' lang='lat' dir='ltr'>exsecratores</span> <span class='ocrx_word' id='word_1_193' title='bbox 766 1776 1052 1830; x_wconf 82' lang='lat' dir='ltr'>blasphemiae</span> <span class='ocrx_word' id='word_1_194' title='bbox 1083 1777 1181 1818; x_wconf 90' lang='lat' dir='ltr'>tuae</span> <span class='ocrx_word' id='word_1_195' title='bbox 1204 1778 1251 1818; x_wconf 90' lang='lat' dir='ltr'>ut</span> <span class='ocrx_word' id='word_1_196' title='bbox 1280 1777 1321 1818; x_wconf 92' lang='lat' dir='ltr'>in</span> <span class='ocrx_word' id='word_1_197' title='bbox 1356 1778 1550 1833; x_wconf 84' lang='lat' dir='ltr'>sacrilegi</span> <span class='ocrx_word' id='word_1_198' title='bbox 1581 1780 1643 1821; x_wconf 93' lang='lat' dir='ltr'>tui</span> 
     </span>
     <span class='ocr_line' id='line_1_24' title="bbox 145 1845 1642 1899; baseline 0.001 -10"><span class='ocrx_word' id='word_1_199' title='bbox 145 1847 302 1889; x_wconf 88' lang='lat' dir='ltr'>decreti</span> <span class='ocrx_word' id='word_1_200' title='bbox 344 1846 650 1899; x_wconf 87' lang='lat' dir='ltr'>contemptores</span> <span class='ocrx_word' id='word_1_201' title='bbox 691 1845 828 1887; x_wconf 88' lang='lat' dir='ltr'>omnia</span> <span class='ocrx_word' id='word_1_202' title='bbox 867 1858 943 1887; x_wconf 91' lang='lat' dir='ltr'>sua</span> <span class='ocrx_word' id='word_1_203' title='bbox 983 1845 1242 1887; x_wconf 88' lang='lat' dir='ltr'>conliderent</span> <span class='ocrx_word' id='word_1_204' title='bbox 1282 1858 1417 1898; x_wconf 88' lang='lat' dir='ltr'>arma,</span> <span class='ocrx_word' id='word_1_205' title='bbox 1465 1860 1539 1889; x_wconf 90' lang='lat' dir='ltr'>nec</span> <span class='ocrx_word' id='word_1_206' title='bbox 1582 1849 1642 1890; x_wconf 89' lang='lat' dir='ltr'>sic</span> 
     </span>
     <span class='ocr_line' id='line_1_25' title="bbox 143 1914 1644 1971; baseline 0.001 -14"><span class='ocrx_word' id='word_1_207' title='bbox 143 1917 283 1957; x_wconf 87' lang='lat' dir='ltr'>tamen</span> <span class='ocrx_word' id='word_1_208' title='bbox 318 1915 426 1969; x_wconf 89' lang='lat' dir='ltr'>quod</span> <span class='ocrx_word' id='word_1_209' title='bbox 458 1927 675 1968; x_wconf 91' lang='lat' dir='ltr'>possemus</span> <span class='ocrx_word' id='word_1_210' title='bbox 705 1928 740 1971; x_wconf 37' lang='lat' dir='ltr'>{a</span> <span class='ocrx_word' id='word_1_211' title='bbox 768 1915 979 1969; x_wconf 90' lang='lat' dir='ltr'>proposito</span> <span class='ocrx_word' id='word_1_212' title='bbox 1011 1914 1239 1956; x_wconf 79' lang='lat' dir='ltr'>recedere?</span> <span class='ocrx_word' id='word_1_213' title='bbox 1286 1914 1361 1956; x_wconf 87' lang='lat' dir='ltr'>sed</span> <span class='ocrx_word' id='word_1_214' title='bbox 1391 1915 1436 1956; x_wconf 90' lang='lat' dir='ltr'>tu</span> <span class='ocrx_word' id='word_1_215' title='bbox 1466 1929 1539 1970; x_wconf 91' lang='lat' dir='ltr'>pro</span> <span class='ocrx_word' id='word_1_216' title='bbox 1570 1917 1644 1958; x_wconf 87' lang='lat' dir='ltr'>tua</span> 
     </span>
     <span class='ocr_line' id='line_1_26' title="bbox 94 1982 1644 2038; baseline 0.001 -14"><span class='ocrx_word' id='word_1_217' title='bbox 94 1985 218 2026; x_wconf 76' lang='lat' dir='ltr'>25illa</span> <span class='ocrx_word' id='word_1_218' title='bbox 250 1982 471 2038; x_wconf 89' lang='lat' dir='ltr'>prudentia</span> <span class='ocrx_word' id='word_1_219' title='bbox 509 1984 548 2024; x_wconf 89' lang='lat' dir='ltr'>in</span> <span class='ocrx_word' id='word_1_220' title='bbox 583 1984 693 2025; x_wconf 90' lang='lat' dir='ltr'>omni</span> <span class='ocrx_word' id='word_1_221' title='bbox 732 1996 805 2037; x_wconf 90' lang='lat' dir='ltr'>pro</span> <span class='ocrx_word' id='word_1_222' title='bbox 843 1984 885 2024; x_wconf 90' lang='lat' dir='ltr'>te</span> <span class='ocrx_word' id='word_1_223' title='bbox 924 1983 1164 2025; x_wconf 88' lang='lat' dir='ltr'>moriundos</span> <span class='ocrx_word' id='word_1_224' title='bbox 1205 1983 1316 2025; x_wconf 89' lang='lat' dir='ltr'>bello</span> <span class='ocrx_word' id='word_1_225' title='bbox 1354 1984 1510 2038; x_wconf 87' lang='lat' dir='ltr'>milites</span> <span class='ocrx_word' id='word_1_226' title='bbox 1550 1986 1644 2027; x_wconf 86' lang='lat' dir='ltr'>tuos</span> 
     </span>
     <span class='ocr_line' id='line_1_27' title="bbox 146 2051 1644 2106; baseline 0 -11"><span class='ocrx_word' id='word_1_227' title='bbox 146 2053 367 2103; x_wconf 76' lang='lat' dir='ltr'>censuisti,</span> <span class='ocrx_word' id='word_1_228' title='bbox 411 2052 668 2094; x_wconf 87' lang='lat' dir='ltr'>Christianos</span> <span class='ocrx_word' id='word_1_229' title='bbox 709 2065 807 2094; x_wconf 89' lang='lat' dir='ltr'>uero</span> <span class='ocrx_word' id='word_1_230' title='bbox 849 2052 1021 2095; x_wconf 83' lang='lat' dir='ltr'>sanxisti</span> <span class='ocrx_word' id='word_1_231' title='bbox 1064 2052 1129 2093; x_wconf 91' lang='lat' dir='ltr'>dei</span> <span class='ocrx_word' id='word_1_232' title='bbox 1171 2051 1402 2106; x_wconf 85' lang='lat' dir='ltr'>oportuisse</span> <span class='ocrx_word' id='word_1_233' title='bbox 1443 2052 1644 2095; x_wconf 82' lang='lat' dir='ltr'>exsistere</span> 
     </span>
     <span class='ocr_line' id='line_1_28' title="bbox 146 2120 1642 2176; baseline 0.001 -13"><span class='ocrx_word' id='word_1_234' title='bbox 146 2122 380 2176; x_wconf 87' lang='lat' dir='ltr'>negatores.</span> <span class='ocrx_word' id='word_1_235' title='bbox 415 2121 457 2162; x_wconf 88' lang='lat' dir='ltr'>et</span> <span class='ocrx_word' id='word_1_236' title='bbox 487 2121 630 2174; x_wconf 88' lang='lat' dir='ltr'>utique</span> <span class='ocrx_word' id='word_1_237' title='bbox 661 2121 722 2162; x_wconf 92' lang='lat' dir='ltr'>tui</span> <span class='ocrx_word' id='word_1_238' title='bbox 755 2121 939 2162; x_wconf 90' lang='lat' dir='ltr'>sentiunt</span> <span class='ocrx_word' id='word_1_239' title='bbox 961 2120 1146 2162; x_wconf 89' lang='lat' dir='ltr'>dolorem</span> <span class='ocrx_word' id='word_1_240' title='bbox 1167 2120 1402 2172; x_wconf 84' lang='lat' dir='ltr'>uulnerum,</span> <span class='ocrx_word' id='word_1_241' title='bbox 1435 2121 1577 2164; x_wconf 88' lang='lat' dir='ltr'>dolent</span> <span class='ocrx_word' id='word_1_242' title='bbox 1600 2135 1642 2164; x_wconf 90' lang='lat' dir='ltr'>se</span> 
     </span>
     <span class='ocr_line' id='line_1_29' title="bbox 146 2189 1642 2244; baseline 0 -12"><span class='ocrx_word' id='word_1_243' title='bbox 146 2190 318 2244; x_wconf 82' lang='lat' dir='ltr'>perisse,</span> <span class='ocrx_word' id='word_1_244' title='bbox 352 2189 492 2231; x_wconf 87' lang='lat' dir='ltr'>dolent</span> <span class='ocrx_word' id='word_1_245' title='bbox 523 2190 627 2231; x_wconf 90' lang='lat' dir='ltr'>hanc</span> <span class='ocrx_word' id='word_1_246' title='bbox 661 2189 853 2231; x_wconf 87' lang='lat' dir='ltr'>amittere</span> <span class='ocrx_word' id='word_1_247' title='bbox 884 2189 1036 2230; x_wconf 83' lang='lat' dir='ltr'>lucem.</span> <span class='ocrx_word' id='word_1_248' title='bbox 1091 2202 1164 2231; x_wconf 91' lang='lat' dir='ltr'>nos</span> <span class='ocrx_word' id='word_1_249' title='bbox 1196 2203 1294 2231; x_wconf 91' lang='lat' dir='ltr'>uero</span> <span class='ocrx_word' id='word_1_250' title='bbox 1325 2190 1457 2243; x_wconf 89' lang='lat' dir='ltr'>primo</span> <span class='ocrx_word' id='word_1_251' title='bbox 1490 2191 1642 2232; x_wconf 80' lang='lat' dir='ltr'>sentire</span> 
     </span>
     <span class='ocr_line' id='line_1_30' title="bbox 146 2257 1641 2313; baseline -0.001 -12"><span class='ocrx_word' id='word_1_252' title='bbox 146 2271 370 2313; x_wconf 88' lang='lat' dir='ltr'>poenarum</span> <span class='ocrx_word' id='word_1_253' title='bbox 404 2257 615 2299; x_wconf 89' lang='lat' dir='ltr'>cruciatus</span> <span class='ocrx_word' id='word_1_254' title='bbox 647 2270 725 2300; x_wconf 93' lang='lat' dir='ltr'>non</span> <span class='ocrx_word' id='word_1_255' title='bbox 756 2270 991 2311; x_wconf 81' lang='lat' dir='ltr'>possumus,</span> <span class='ocrx_word' id='word_1_256' title='bbox 1022 2259 1063 2299; x_wconf 90' lang='lat' dir='ltr'>in</span> <span class='ocrx_word' id='word_1_257' title='bbox 1086 2258 1236 2312; x_wconf 90' lang='lat' dir='ltr'>quibus</span> <span class='ocrx_word' id='word_1_258' title='bbox 1259 2258 1449 2301; x_wconf 88' lang='lat' dir='ltr'>Christus</span> <span class='ocrx_word' id='word_1_259' title='bbox 1471 2259 1641 2312; x_wconf 74' lang='lat' dir='ltr'>patitur,</span> 
     </span>
     <span class='ocr_line' id='line_1_31' title="bbox 95 2326 1645 2381; baseline 0.001 -14"><span class='ocrx_word' id='word_1_260' title='bbox 95 2341 129 2367; x_wconf 73' lang='lat'>³0</span> <span class='ocrx_word' id='word_1_261' title='bbox 146 2328 187 2370; x_wconf 90' lang='lat' dir='ltr'>in</span> <span class='ocrx_word' id='word_1_262' title='bbox 221 2328 370 2381; x_wconf 90' lang='lat' dir='ltr'>quibus</span> <span class='ocrx_word' id='word_1_263' title='bbox 403 2327 592 2369; x_wconf 88' lang='lat' dir='ltr'>Christus</span> <span class='ocrx_word' id='word_1_264' title='bbox 626 2327 836 2368; x_wconf 86' lang='lat' dir='ltr'>aeternam</span> <span class='ocrx_word' id='word_1_265' title='bbox 870 2326 1046 2368; x_wconf 89' lang='lat' dir='ltr'>salutem</span> <span class='ocrx_word' id='word_1_266' title='bbox 1081 2327 1294 2380; x_wconf 59' lang='lat' dir='ltr'>operatum</span> <span class='ocrx_word' id='word_1_267' title='bbox 1343 2326 1505 2376; x_wconf 79' lang='lat' dir='ltr'>deinde,</span> <span class='ocrx_word' id='word_1_268' title='bbox 1548 2328 1645 2380; x_wconf 89' lang='lat' dir='ltr'>quia</span> 
     </span>
     <span class='ocr_line' id='line_1_32' title="bbox 147 2395 1642 2450; baseline 0 -12"><span class='ocrx_word' id='word_1_269' title='bbox 147 2396 384 2450; x_wconf 89' lang='lat' dir='ltr'>praesentia</span> <span class='ocrx_word' id='word_1_270' title='bbox 419 2409 490 2449; x_wconf 87' lang='lat' dir='ltr'>pro</span> <span class='ocrx_word' id='word_1_271' title='bbox 513 2395 638 2437; x_wconf 89' lang='lat' dir='ltr'>nihilo</span> <span class='ocrx_word' id='word_1_272' title='bbox 664 2395 866 2436; x_wconf 89' lang='lat' dir='ltr'>ducamus</span> <span class='ocrx_word' id='word_1_273' title='bbox 889 2395 931 2436; x_wconf 89' lang='lat' dir='ltr'>et</span> <span class='ocrx_word' id='word_1_274' title='bbox 951 2395 1106 2436; x_wconf 91' lang='lat' dir='ltr'>lumine</span> <span class='ocrx_word' id='word_1_275' title='bbox 1129 2395 1170 2436; x_wconf 92' lang='lat' dir='ltr'>in</span> <span class='ocrx_word' id='word_1_276' title='bbox 1191 2395 1263 2437; x_wconf 92' lang='lat' dir='ltr'>illo</span> <span class='ocrx_word' id='word_1_277' title='bbox 1285 2396 1454 2449; x_wconf 87' lang='lat' dir='ltr'>perenni</span> <span class='ocrx_word' id='word_1_278' title='bbox 1478 2408 1642 2450; x_wconf 88' lang='lat' dir='ltr'>semper</span> 
     </span>
     <span class='ocr_line' id='line_1_33' title="bbox 150 2463 1643 2517; baseline 0 -11"><span class='ocrx_word' id='word_1_279' title='bbox 150 2465 275 2506; x_wconf 86' lang='lat' dir='ltr'>futuri</span> <span class='ocrx_word' id='word_1_280' title='bbox 308 2477 464 2514; x_wconf 80' lang='lat' dir='ltr'>sumus,</span> <span class='ocrx_word' id='word_1_281' title='bbox 511 2464 578 2517; x_wconf 87' lang='lat' dir='ltr'>qui</span> <span class='ocrx_word' id='word_1_282' title='bbox 623 2464 711 2504; x_wconf 84' lang='lat' dir='ltr'>fieri</span> <span class='ocrx_word' id='word_1_283' title='bbox 757 2464 907 2517; x_wconf 77' lang='lat' dir='ltr'>potest,</span> <span class='ocrx_word' id='word_1_284' title='bbox 955 2464 1001 2504; x_wconf 90' lang='lat' dir='ltr'>ut</span> <span class='ocrx_word' id='word_1_285' title='bbox 1040 2475 1118 2504; x_wconf 92' lang='lat' dir='ltr'>non</span> <span class='ocrx_word' id='word_1_286' title='bbox 1154 2476 1226 2516; x_wconf 85' lang='lat' dir='ltr'>pro</span> <span class='ocrx_word' id='word_1_287' title='bbox 1259 2463 1423 2505; x_wconf 90' lang='lat' dir='ltr'>Christo</span> <span class='ocrx_word' id='word_1_288' title='bbox 1458 2463 1524 2504; x_wconf 92' lang='lat' dir='ltr'>dei</span> <span class='ocrx_word' id='word_1_289' title='bbox 1556 2464 1643 2506; x_wconf 92' lang='lat' dir='ltr'>filio</span> 
     </span>
     <span class='ocr_line' id='line_1_34' title="bbox 149 2532 1643 2586; baseline 0.001 -13"><span class='ocrx_word' id='word_1_290' title='bbox 149 2533 260 2574; x_wconf 89' lang='lat' dir='ltr'>uitae</span> <span class='ocrx_word' id='word_1_291' title='bbox 304 2534 496 2574; x_wconf 83' lang='lat' dir='ltr'>aeternae</span> <span class='ocrx_word' id='word_1_292' title='bbox 542 2533 743 2574; x_wconf 88' lang='lat' dir='ltr'>tributore</span> <span class='ocrx_word' id='word_1_293' title='bbox 791 2532 1010 2586; x_wconf 87' lang='lat' dir='ltr'>sacrilegio</span> <span class='ocrx_word' id='word_1_294' title='bbox 1058 2532 1277 2573; x_wconf 82' lang='lat' dir='ltr'>funestatis</span> <span class='ocrx_word' id='word_1_295' title='bbox 1322 2532 1513 2573; x_wconf 89' lang='lat' dir='ltr'>manibus</span> <span class='ocrx_word' id='word_1_296' title='bbox 1557 2533 1643 2574; x_wconf 86' lang='lat' dir='ltr'>tuis</span> 
     </span>
    </p>
   </div>
   <div class='ocr_carea' id='block_1_3' title="bbox 284 2622 586 2662">
    <p class='ocr_par' dir='ltr' id='par_1_3' title="bbox 284 2622 586 2662">
     <span class='ocr_line' id='line_1_35' title="bbox 284 2622 586 2662; baseline 0 -6"><span class='ocrx_word' id='word_1_297' title='bbox 284 2623 325 2657; x_wconf 90' lang='lat'>10</span> <span class='ocrx_word' id='word_1_298' title='bbox 349 2623 363 2656; x_wconf 94' lang='lat'>1</span> <span class='ocrx_word' id='word_1_299' title='bbox 389 2622 459 2657; x_wconf 92' lang='lat' dir='ltr'>Ioh.</span> <span class='ocrx_word' id='word_1_300' title='bbox 485 2622 517 2662; x_wconf 80' lang='lat'>2,</span> <span class='ocrx_word' id='word_1_301' title='bbox 548 2623 586 2657; x_wconf 81' lang='lat'>17</span> 
     </span>
    </p>
   </div>
   <div class='ocr_carea' id='block_1_4' title="bbox 150 2714 1644 2873">
    <p class='ocr_par' dir='ltr' id='par_1_4' title="bbox 150 2714 1644 2873">
     <span class='ocr_line' id='line_1_36' title="bbox 218 2714 1642 2759; baseline 0.002 -12"><span class='ocrx_word' id='word_1_302' title='bbox 218 2715 237 2747; x_wconf 81' lang='lat'><strong>7</strong></span> <span class='ocrx_word' id='word_1_303' title='bbox 263 2714 483 2749; x_wconf 70' lang='lat' dir='ltr'>saecuritatis</span> <span class='ocrx_word' id='word_1_304' title='bbox 602 2715 641 2748; x_wconf 79' lang='lat'>17</span> <span class='ocrx_word' id='word_1_305' title='bbox 669 2714 756 2749; x_wconf 87' lang='lat' dir='ltr'>aliut</span> <span class='ocrx_word' id='word_1_306' title='bbox 877 2714 921 2748; x_wconf 83' lang='lat'>20</span> <span class='ocrx_word' id='word_1_307' title='bbox 947 2714 1002 2749; x_wconf 89' lang='lat' dir='ltr'>uel</span> <span class='ocrx_word' id='word_1_308' title='bbox 1028 2715 1153 2749; x_wconf 87' lang='lat' dir='ltr'>omisso</span> <span class='ocrx_word' id='word_1_309' title='bbox 1181 2726 1199 2749; x_wconf 86' lang='lat' dir='ltr'><strong><em>v</em></strong></span> <span class='ocrx_word' id='word_1_310' title='bbox 1321 2714 1365 2748; x_wconf 83' lang='lat'>22</span> <span class='ocrx_word' id='word_1_311' title='bbox 1390 2714 1557 2759; x_wconf 85' lang='lat' dir='ltr'>sacrilego</span> <span class='ocrx_word' id='word_1_312' title='bbox 1583 2717 1642 2751; x_wconf 81' lang='lat' dir='ltr'>tuo</span> 
     </span>
     <span class='ocr_line' id='line_1_37' title="bbox 150 2771 1644 2817; baseline 0 -10"><span class='ocrx_word' id='word_1_313' title='bbox 150 2773 289 2807; x_wconf 87' lang='lat' dir='ltr'>decreto</span> <span class='ocrx_word' id='word_1_314' title='bbox 313 2782 333 2805; x_wconf 89' lang='lat' dir='ltr'><em>v</em></span> <span class='ocrx_word' id='word_1_315' title='bbox 447 2771 492 2805; x_wconf 81' lang='lat'>23</span> <span class='ocrx_word' id='word_1_316' title='bbox 516 2771 564 2805; x_wconf 87' lang='lat' dir='ltr'>sic</span> <span class='ocrx_word' id='word_1_317' title='bbox 589 2771 680 2806; x_wconf 75' lang='lat' dir='ltr'>coni.</span> <span class='ocrx_word' id='word_1_318' title='bbox 708 2771 901 2812; x_wconf 68' lang='lat' dir='ltr'>Latinius,</span> <span class='ocrx_word' id='word_1_319' title='bbox 928 2772 956 2806; x_wconf 90' lang='lat' dir='ltr'>si</span> <span class='ocrx_word' id='word_1_320' title='bbox 987 2773 1037 2807; x_wconf 88' lang='lat' dir='ltr'>Vv</span> <span class='ocrx_word' id='word_1_321' title='bbox 1151 2771 1196 2806; x_wconf 82' lang='lat'>32</span> <span class='ocrx_word' id='word_1_322' title='bbox 1222 2771 1279 2816; x_wconf 88' lang='lat' dir='ltr'>qui</span> <span class='ocrx_word' id='word_1_323' title='bbox 1304 2782 1335 2813; x_wconf 81' lang='lat' dir='ltr'>v,</span> <span class='ocrx_word' id='word_1_324' title='bbox 1363 2772 1443 2817; x_wconf 76' lang='lat' dir='ltr'>quin</span> <span class='ocrx_word' id='word_1_325' title='bbox 1474 2773 1514 2812; x_wconf 87' lang='lat' dir='ltr'>V,</span> <span class='ocrx_word' id='word_1_326' title='bbox 1541 2772 1644 2817; x_wconf 88' lang='lat' dir='ltr'>quine</span> 
     </span>
     <span class='ocr_line' id='line_1_38' title="bbox 151 2828 542 2873; baseline -0.003 -9"><span class='ocrx_word' id='word_1_327' title='bbox 151 2831 258 2873; x_wconf 79' lang='lat' dir='ltr'>fort.;</span> <span class='ocrx_word' id='word_1_328' title='bbox 283 2828 331 2870; x_wconf 83' lang='lat' dir='ltr'>cf.</span> <span class='ocrx_word' id='word_1_329' title='bbox 351 2839 390 2872; x_wconf 77' lang='lat' dir='ltr'>p.</span> <span class='ocrx_word' id='word_1_330' title='bbox 414 2830 493 2871; x_wconf 87' lang='lat'><em>310,</em></span> <span class='ocrx_word' id='word_1_331' title='bbox 518 2834 542 2863; x_wconf 73' lang='grc' dir='ltr'>ὅ</span> 
     </span>
    </p>
   </div>
   <div class='ocr_carea' id='block_1_5' title="bbox 1444 2898 1508 2932">
    <p class='ocr_par' dir='ltr' id='par_1_5' title="bbox 1444 2898 1508 2932">
     <span class='ocr_line' id='line_1_39' title="bbox 1444 2898 1508 2932; baseline 0.016 -1"><span class='ocrx_word' id='word_1_332' title='bbox 1444 2898 1508 2932; x_wconf 80' lang='lat'>19·</span> 
     </span>
    </p>
   </div>
  </div>
 </body>
</html>
