1934 3278
529 265 583 299 De
608 268 730 300 sancto
756 265 951 301 Athanasio
976 266 1065 301 liber
1088 267 1114 302 1.
1495 269 1578 313 125

75 391 283 445 ruptibilis
313 391 602 434 inenarrabilis
635 393 676 434 et
706 392 1050 444 inconuertibilis‚
1097 394 1233 447 qualis
1274 395 1339 436 est
1377 396 1418 437 et
1457 395 1577 438 cuius

76 462 140 504 est
169 460 301 507 filius;
349 473 428 503 non
469 474 563 502 eum
609 461 793 515 suscepti
832 462 1010 504 hominis
1047 475 1178 504 causa
1215 462 1255 504 in
1298 463 1412 505 aliud
1451 477 1576 517 quam

76 529 185 583 quod
215 541 379 582 semper
408 528 487 571 fuit
523 529 662 583 potuit
701 531 956 578 conuertere,
998 531 1335 585 quandoquidem
1372 532 1414 573 in
1446 533 1578 574 forma

77 598 130 639 sit
162 597 229 638 dei
259 597 392 650 patris
424 597 500 646 sui,
542 597 882 651 quandoquidem
925 598 979 640 sit
1018 598 1204 652 aequalis
1235 598 1346 641 filius
1377 600 1498 653 patri,
1531 601 1579 642 ut

42 676 58 701 ⁵
75 666 202 708 refert
231 666 499 707 beatissimus
533 666 766 719 apostolus:
798 667 872 720 qui
901 680 996 708 cum
1026 668 1075 708 in
1093 667 1236 720 forma
1256 667 1324 710 dci
1344 671 1460 722 esset,
1491 682 1577 711 non

75 737 134 777 est
163 736 364 787 rapinam
385 734 618 777 arbitratus
639 748 722 777 esse
751 748 792 777 sc
822 735 1040 788 aequalem
1070 737 1157 790 deo,
1188 736 1261 779 scd
1289 738 1577 790 semetipsum

75 804 319 846 exinaniuit
361 803 546 857 formam
587 804 800 857 accipiens
837 805 967 848 serui.
1030 818 1108 847 non
1157 805 1265 847 enim
1313 806 1412 860 quia
1450 806 1575 848 dixit:

77 876 200 915 semet
218 873 357 925 ipsum
373 873 631 924 exinaniuit,
652 874 837 926 formam
852 874 966 915 serui
980 874 1205 926 accipiens,
1226 874 1329 916 deus
1348 874 1416 916 dei
1430 875 1579 918 unicus

77 942 187 984 filius
210 941 325 983 aliud
346 941 438 983 fieri
457 941 592 994 potuit
614 954 661 983 ex
683 941 768 991 illo,
793 941 904 995 quod
927 942 991 983 est
1012 941 1338 996 incorruptibilis
1359 943 1575 986 inenarra-

27 1023 59 1049 ιο
77 1010 171 1054 bilis
202 1010 472 1060 inmutabilis,
505 1023 601 1052 cum
633 1010 688 1052 sit
720 1023 883 1064 semper
914 1011 954 1052 in
988 1023 1035 1053 eo
1058 1012 1170 1053 statu
1194 1013 1387 1054 aeternae
1410 1013 1576 1067 magni-

76 1079 232 1121 tudinis
262 1091 448 1129 manens‚
480 1078 521 1120 in
553 1091 633 1132 quo
665 1079 720 1120 sit
749 1091 921 1120 manens
954 1080 995 1120 et
1027 1079 1115 1121 eius
1146 1081 1275 1133 pater.
1329 1081 1403 1123 sed
1434 1082 1578 1135 utique

78 1147 361 1201 intellegimus
393 1147 492 1201 quid
517 1147 571 1188 sit
593 1149 665 1190 sed
684 1150 809 1190 semet
829 1148 969 1201 ipsum
990 1148 1245 1194 exinaniuit.
1271 1150 1347 1191 hoc
1372 1151 1448 1199 est,
1481 1163 1578 1192 cum

78 1217 131 1260 sit
162 1217 309 1259 similis
343 1218 467 1270 atque
501 1216 689 1270 aequalis
719 1216 827 1269 patri
849 1215 973 1266 filius,
1006 1217 1146 1258 tamen
1171 1218 1283 1271 quod
1307 1220 1347 1260 et
1368 1219 1578 1262 hominem

78 1298 121 1328 se
153 1287 319 1339 propter
350 1287 534 1328 nostram
566 1286 747 1328 salutem
777 1285 867 1327 fieri
900 1286 1090 1328 uoluerit.

29 1365 61 1390 ¹⁵
134 1355 352 1397 XXXIIII.
377 1354 482 1397 Cum
503 1355 645 1408 itaque
666 1356 711 1396 tu
735 1354 1025 1396 antichristum
1048 1355 1282 1408 susceperis
1304 1369 1375 1409 pro
1398 1356 1577 1409 Christo,

80 1424 176 1478 quia
205 1436 249 1465 re
281 1436 382 1465 uera
401 1423 473 1464 ille
493 1423 639 1476 fuerit,
669 1424 873 1476 quomodo
894 1437 978 1465 non
998 1424 1143 1476 fuerit,
1176 1437 1258 1477 qua
1284 1425 1417 1468 fronte
1441 1426 1576 1468 adhuc

81 1507 124 1536 es
168 1493 367 1535 resistens
408 1492 676 1542 Christianis,
724 1492 801 1533 nisi
847 1492 921 1533 illa
966 1505 1049 1546 qua
1093 1493 1228 1535 solent
1274 1495 1315 1534 et
1362 1494 1578 1536 adulterae

80 1562 267 1616 pudicis?
299 1574 425 1603 ausus
451 1561 565 1602 fuisti
594 1562 800 1614 temptare
834 1561 1035 1603 dominari
1057 1562 1167 1603 uelle
1190 1562 1256 1604 dei
1280 1563 1443 1616 populo,
1477 1565 1578 1606 sub-

79 1631 188 1673 icere
220 1630 331 1672 uelle
364 1629 586 1672 ecclesiam
619 1629 685 1671 dei
706 1631 778 1671 tuo
800 1641 941 1683 regno,
975 1630 1159 1672 diuinam
1181 1631 1444 1673 maiestatem
1467 1632 1580 1675 illius

30 1700 243 1741 notantum
274 1699 529 1741 metuentem
561 1699 632 1740 tuo
664 1698 792 1739 futtili
824 1698 1018 1751 imperio:
1053 1699 1094 1740 et
1126 1699 1202 1740 hoc
1236 1699 1404 1752 quidem
1426 1701 1577 1751 fecisti,

81 1769 179 1822 quia
209 1768 399 1809 nesciens
440 1767 496 1809 sis
535 1767 734 1820 scriptum
775 1779 866 1808 esse
907 1767 958 1808 de
999 1767 1117 1809 uobis
1155 1768 1359 1821 tyrannis:
1401 1773 1581 1823 propter

81 1837 154 1880 hoc
184 1836 538 1890 indisciplinatae
568 1837 740 1878 animae
762 1839 1039 1887 errauerufnu
1069 1836 1171 1878 dum
1192 1837 1305 1878 enim
1322 1851 1579 1890 persuasum

80 1906 230 1949 habent
262 1906 403 1959 iniqui
438 1919 554 1959 posse
593 1919 634 1947 sc
675 1905 893 1946 dominari
932 1906 1102 1947 nationi
1139 1909 1400 1955 sanctorum,
1443 1908 1581 1951 uincti

81 1978 346 2018 tenebrarum
378 1976 537 2017 catenis
567 1978 605 2016 ct
625 1974 751 2029 lonya
774 1977 888 2017 nocie
910 1975 1142 2027 compediti,
1176 1976 1334 2017 inclusi
1355 1976 1428 2018 sub
1449 1978 1579 2031 tectis,

32 2044 271 2099 zafuqitiui.
334 2045 540 2098 conspicis
582 2044 665 2086 iam
702 2045 744 2085 te
786 2056 877 2085 esse
916 2044 1023 2085 inter
1064 2044 1158 2086 illos
1202 2044 1268 2085 dei
1309 2045 1448 2098 populi
1480 2058 1578 2099 per-

83 2115 306 2163 secutores,
341 2113 392 2155 de
424 2113 572 2167 quibus
592 2113 748 2166 legisti,
782 2112 894 2166 quod
914 2127 1005 2155 una
1025 2117 1172 2155 catena
1194 2114 1460 2156 tenebrarum
1481 2118 1580 2156 simi

82 2196 218 2225 omnes
249 2183 448 2237 colliyati‚
481 2183 523 2224 et
551 2183 724 2224 iterum:
756 2182 877 2236 diyni
907 2183 1074 2235 quidem
1104 2182 1172 2224 illi
1202 2196 1342 2226 carere
1371 2183 1512 2225 lumen
1541 2187 1580 2225 et

76 2253 173 2305 pati
203 2265 409 2294 carcerem
441 2251 715 2304 tenebrarum,
747 2252 822 2304 qui
853 2250 1034 2293 inclusos
1055 2251 1294 2293 custodiunt
1321 2252 1434 2305 filios
1473 2255 1578 2307 tuos,

76 2335 156 2374 per
183 2333 285 2374 quos
315 2321 544 2373 incipiebat
582 2321 874 2372 incorruptam
915 2319 1016 2374 leyis
1055 2319 1196 2362 lumen
1235 2321 1349 2362 uitae
1387 2320 1580 2362 omnibus

34 2389 193 2434 nodari.
225 2403 276 2432 an
308 2390 480 2443 negabis
513 2389 579 2430 dei
612 2389 821 2430 antistites
851 2390 893 2430 te
924 2389 1066 2430 tenere
1098 2389 1138 2430 in
1171 2388 1393 2430 claustris?
1434 2390 1476 2430 et
1506 2401 1579 2430 cur

86 2470 130 2500 es
162 2459 379 2500 detinens?
411 2471 460 2499 ne
492 2457 782 2511 praedicemus
814 2458 927 2498 certe
951 2457 1017 2499 dei
1040 2457 1189 2510 populo
1222 2458 1474 2499 ueritatem?
1506 2469 1580 2499 cur

220 2652 241 2685 5
269 2650 358 2685 Phil.
384 2650 416 2690 2,
444 2651 464 2683 6
557 2650 596 2683 21
626 2651 704 2693 Sap.
733 2649 785 2686 17,
815 2649 842 2683 1.
869 2649 889 2682 ‘2
982 2648 1024 2682 26
1050 2648 1095 2682 ib.
1125 2649 1176 2689 17,
1206 2649 1245 2682 17
1339 2650 1381 2684 27
1407 2650 1452 2685 ib.
1482 2652 1534 2691 18,
1561 2653 1581 2685 4

153 2821 174 2856 2
200 2799 287 2856 annot
311 2821 401 2866 quod
427 2832 528 2866 quam
623 2821 664 2855 12
690 2820 779 2865 quod
808 2831 825 2854 v
917 2819 961 2852 30
978 2818 1163 2852 antestites
1256 2823 1388 2866 tenere]
1415 2833 1476 2857 nos
1494 2824 1583 2858 add.

88 2879 267 2914 Latinius
360 2889 418 2913 eur
443 2890 478 2913 es
504 2879 649 2923 scripsi,
675 2888 751 2912 cum
778 2888 831 2912 res
864 2878 900 2916 V,
926 2886 1002 2910 cum
1028 2886 1063 2909 es
1091 2887 1108 2909 0
