1934 3278
306 254 358 294 72
960 252 1162 287 Luciferi

306 379 427 420 ficem
459 379 673 420 dexteram
712 380 849 428 tuam,
889 379 1105 431 tamquam
1143 378 1278 431 possis
1318 378 1458 431 gladio
1498 379 1663 420 uincere
1704 392 1805 432 quos

305 448 471 489 uideres
503 449 670 501 propter
713 448 779 488 dei
810 447 944 488 filium
985 459 1058 488 nec
1091 448 1356 500 praesentem
1390 447 1580 489 dubitare
1614 448 1804 489 amittere

305 517 436 558 uitam
469 529 542 557 nec
575 517 891 570 perhorrescere
922 517 1112 556 mortem.
1162 516 1214 556 ad
1236 515 1345 556 filios
1365 515 1498 556 Israel
1518 516 1660 557 narrat
1682 528 1804 557 sanc-

306 585 492 626 tissimus
524 586 691 639 Moyses
725 597 773 625 ex
804 585 1027 637 praecepto
1061 584 1148 626 dei:
1191 584 1340 638 uidete,
1373 584 1556 625 tradidit
1586 585 1703 626 uobis
1733 585 1804 626 do-

305 654 447 695 miuus
478 653 579 695 deus
608 655 744 694 uester
775 655 874 694 aute
911 652 1065 704 faeiem
1103 656 1288 694 uestram
1322 655 1501 704 terram;
1543 653 1806 695 ascendentes
1843 666 1859 690 5

302 722 517 775 possidete,
541 721 890 775 quemadmodum
910 721 1021 762 dixit
1036 721 1232 762 domiuus
1249 721 1350 762 deus
1364 724 1545 773 patrum
1566 724 1806 762 nostrorum

307 791 437 832 nobis.
470 790 599 832 nolite
621 791 764 832 timere
781 803 909 842 ueque
923 790 1229 843 formidemiui.
1265 790 1299 830 si
1316 789 1400 830 illis
1418 789 1626 830 neminem
1642 791 1807 842 praeter

309 859 433 899 deum
454 859 686 899 timendum
708 858 954 899 mandatum
986 858 1061 908 est,
1094 858 1178 898 illis
1199 858 1426 911 imaginem
1452 858 1618 899 nostrae
1643 858 1806 899 uocati-

306 927 395 967 onis
417 926 692 979 portantibus,
721 927 874 979 quanto
896 926 1031 979 inagis
1053 927 1220 978 praeter
1243 926 1366 966 deum
1389 926 1597 967 neminem
1620 926 1806 967 metuere

305 995 509 1035 condecet
540 995 610 1048 qui
642 1007 720 1036 non
751 995 886 1036 terras
909 995 1267 1044 Chananaeorum‚
1301 996 1600 1036 Iobusaeorum
1632 995 1674 1034 ot
1698 994 1805 1036 Ger-
1829 1009 1859 1033 10

304 1075 553 1116 gesaeorum
586 1064 710 1116 atque
733 1064 1084 1105 Amorrhaeorum
1117 1064 1246 1104 simus
1277 1063 1563 1104 desiderantes
1595 1063 1805 1115 consequi.

307 1131 381 1172 sed
414 1131 618 1173 caelestia
656 1144 798 1185 regna,
841 1132 915 1173 sed
948 1132 1014 1173 dei
1052 1133 1300 1185 perpetuum
1343 1135 1554 1172 amorem?
1601 1131 1806 1184 quomodo

307 1200 460 1240 etenim
484 1201 602 1253 uigor
623 1201 758 1242 inanis
782 1200 1001 1254 dignitatis
1024 1201 1121 1242 tuae
1145 1213 1218 1242 nos
1244 1202 1293 1242 ab
1320 1201 1396 1241 hoc
1420 1200 1556 1253 potuit
1578 1201 1649 1240 aut
1670 1201 1806 1253 potest

304 1269 514 1321 proposito
548 1269 730 1313 flectere,
766 1282 861 1309 cum
892 1269 1057 1321 praeter
1091 1269 1216 1310 deum
1240 1269 1511 1310 statuerimus
1534 1268 1806 1309 metuendum

306 1337 542 1378 neminem?
1829 1350 1860 1374 15

363 1405 410 1445 V.
443 1406 481 1446 N
485 1418 535 1446 011
559 1419 701 1447 sumus
724 1405 951 1447 Christiani
985 1419 1032 1447 ex
1053 1406 1137 1447 illis
1171 1406 1241 1459 qui
1265 1405 1477 1447 dixerunt:
1502 1409 1679 1458 propter
1699 1407 1807 1459 quod

306 1474 414 1515 odiit
443 1487 520 1515 uos
552 1474 762 1528 domiuus,
797 1475 942 1516 eduxit
972 1488 1047 1516 uos
1078 1476 1128 1516 de
1160 1478 1277 1516 terra
1307 1475 1502 1528 Aeyypti,
1535 1475 1699 1516 tradere
1730 1488 1806 1516 uos

305 1543 353 1582 in
391 1555 542 1583 rmemus
576 1543 936 1584 Amorrhaeorum
976 1547 1012 1585 et
1043 1544 1278 1595 disperdere
1316 1556 1413 1598 uos3
1461 1542 1535 1584 sed
1575 1556 1719 1584 sumus
1759 1556 1807 1584 ex

305 1610 389 1651 illis
430 1610 500 1664 qui
543 1610 735 1652 dixerunt
767 1624 814 1652 ac
849 1611 993 1653 dicunt
1032 1612 1084 1653 ad
1118 1612 1261 1653 deum:
1296 1615 1475 1665 propter
1513 1615 1549 1653 te
1579 1612 1810 1654 occidimur

305 1682 393 1720 tota
422 1679 503 1732 die,
544 1680 758 1721 aestimati
796 1694 940 1722 sumus
976 1684 1025 1722 ut
1054 1694 1151 1722 oues
1181 1681 1413 1734 occisionis,
1446 1681 1517 1722 sed
1550 1681 1594 1721 iu
1624 1680 1689 1721 liis
1720 1694 1806 1721 om-
1828 1693 1860 1717 20

305 1747 430 1788 uibus
459 1761 712 1799 superamus
738 1752 913 1802 propter
944 1763 1037 1791 eum
1067 1750 1141 1802 qui
1171 1750 1319 1791 ditexit
1351 1762 1439 1791 uos.
1479 1762 1557 1790 non
1590 1750 1807 1790 timuimus

305 1829 438 1868 neque
470 1816 666 1858 timemus
697 1817 831 1858 minas
862 1818 957 1858 tuas
988 1830 1074 1867 nos,
1118 1818 1187 1870 qui
1218 1818 1410 1859 nouimus
1443 1817 1545 1858 nihil
1575 1830 1696 1870 posse
1731 1817 1807 1859 deo

304 1884 514 1935 resistere,
557 1898 606 1926 ne
646 1886 693 1926 ut
722 1886 785 1927 illi
815 1899 1035 1939 pereamus
1074 1886 1143 1939 qui
1189 1886 1363 1927 audiunt
1403 1899 1427 1926 a
1458 1886 1612 1940 Moysi:
1652 1887 1807 1939 fratres

305 1953 436 1994 uestri
467 1957 713 1995 auerterunt
755 1967 824 1995 cor
861 1957 1049 1995 uestrum
1088 1954 1288 1995 diceutes:
1334 1967 1436 2008 qens
1474 1967 1635 2008 may-qna
1674 1958 1732 1995 est
1770 1957 1809 1995 et

306 2021 418 2062 dura
448 2022 582 2063 multa
612 2025 648 2063 et
673 2023 891 2074 potentior
922 2022 1039 2063 uobis
1069 2026 1105 2063 et
1136 2023 1329 2064 ciuitates
1351 2036 1532 2076 maynae
1554 2025 1591 2063 et
1612 2026 1807 2064 muratae
1828 2040 1859 2064 επ,

305 2102 433 2142 usque
465 2090 521 2131 ad
552 2091 727 2143 eaelum,
768 2091 840 2131 sed
870 2094 907 2132 et
936 2091 1050 2143 filios
1078 2091 1301 2144 yiyautum
1331 2091 1522 2131 uid-imus
1560 2090 1664 2132 illie.
1726 2103 1805 2131 non

305 2158 501 2199 timemus
524 2159 712 2211 gladium
734 2160 853 2199 tuum
877 2159 1114 2209 Christiani,
1149 2159 1217 2211 qui
1238 2171 1556 2212 praesumamus
1587 2159 1806 2211 prostratis

306 2227 443 2273 uobis,
486 2226 552 2267 dei
590 2227 803 2280 roligionis
834 2227 1037 2278 inimicis,
1080 2228 1277 2269 uenturos
1311 2228 1363 2268 ad
1402 2227 1642 2268 conuiuium
1672 2228 1805 2280 patri-

307 2295 525 2335 archarum
569 2296 866 2348 prophetarum
913 2297 1193 2349 apostolorum
1233 2309 1279 2337 ac
1311 2297 1551 2350 martyrum.
1613 2308 1691 2337 11011
1713 2309 1805 2337 me-

303 2363 459 2404 tuimus
491 2363 690 2404 uirtutem
722 2363 871 2405 caduci
902 2364 1018 2417 regni
1055 2365 1117 2405 tui
1156 2364 1311 2406 milites
1351 2364 1491 2405 diuini.
1552 2376 1631 2404 non
1663 2376 1805 2405 sumus
1824 2381 1858 2406 30

307 2444 354 2472 ox
386 2431 468 2472 illis
502 2431 759 2473 diffidentiae
791 2432 901 2482 filiis,
945 2433 1014 2485 qui
1045 2433 1139 2485 plus
1170 2433 1360 2474 inimicos
1393 2445 1489 2473 suos
1522 2445 1647 2485 quani
1681 2432 1805 2473 deum

440 2555 461 2587 4
489 2555 592 2588 Dent.
620 2557 648 2595 1,
676 2555 716 2590 21
817 2556 856 2589 16
875 2555 921 2590 ib.
942 2556 971 2595 1,
992 2555 1034 2589 27
1132 2556 1172 2589 19
1198 2556 1295 2590 Rom.
1322 2555 1353 2595 8,
1372 2555 1415 2589 36
1510 2555 1554 2589 23
1580 2555 1684 2589 Deut.
1714 2558 1742 2597 1,
1762 2557 1806 2591 28

376 2679 389 2712 1
418 2690 535 2722 posses
554 2680 611 2713 uel
629 2680 755 2714 uideris
773 2682 861 2723 fort.
955 2663 1067 2715 nitere
1161 2681 1181 2714 6
1210 2682 1365 2714 nostruin
1390 2692 1432 2714 m.
1458 2685 1477 2714 l
1575 2683 1592 2715 7
1611 2683 1805 2718 formidetis

307 2748 324 2770 1]
464 2737 484 2769 8
509 2736 586 2770 illes
610 2749 653 2771 m.
682 2742 699 2771 1
842 2739 862 2772 9
894 2739 1067 2772 neminem
1098 2739 1138 2771 iu
1170 2748 1245 2771 ras.
1388 2738 1428 2770 10
1462 2749 1715 2774 cananaeorum

307 2793 347 2827 11
374 2796 407 2827 et
435 2793 476 2827 18
503 2805 754 2828 amorraeorum
868 2795 908 2828 19
935 2794 1128 2828 occidemur
1237 2794 1280 2826 20
1306 2794 1507 2827 οο*01ε101115
1617 2796 1660 2829 23
1685 2796 1805 2841 Moyse

307 2862 323 2884 v
417 2850 460 2883 28
487 2851 659 2894 uenturos]
687 2862 748 2885 nos
775 2852 862 2885 add.
891 2863 907 2885 i·
