1934 3278
560 203 794 238 uerborum
821 207 865 238 et
891 204 1183 239 locutionum.

84 336 268 360 excurrere
291 341 337 357 =
353 327 550 369 festinare:
576 329 732 363 excurrit
748 329 840 363 alius

132 371 176 406 ad
201 374 312 406 sortes
338 372 355 408 1
380 372 436 412 22,
461 373 494 407 2.
526 383 681 416 excurre,
706 373 837 416 labora,

131 417 219 451 suda
244 417 283 453 ΙΙ
311 418 432 459 17,17

84 472 290 497 excusamen
316 464 428 498 dicere
454 465 496 500 Α.
522 464 588 498 779

83 512 243 543 excutere
268 522 313 539 =
338 510 518 562 neyleyere
543 510 586 545 A.
611 509 653 544 77

82 554 238 589 execrari
262 555 341 589 odio
365 555 522 600 aliquem
545 556 588 590 A.
614 555 692 590 720.
717 555 785 590 866

82 599 278 643 exemplum
303 600 386 635 date
411 601 526 645 parati
553 601 590 636 II
614 601 671 643 27,
695 601 728 634 7.
776 601 838 635 dat

130 646 230 679 nobIs
244 646 452 689 exemplum,
467 650 548 691 post
561 646 684 682 funera
695 658 837 691 surgere

128 701 227 734 posse
263 694 305 725 A.
341 693 415 726 140.
463 696 499 726 et
530 692 614 726 dare
652 693 835 727 materiam

129 737 258 770 ceteris
284 737 438 782 exemplo
464 737 607 772 uiuendi
634 737 672 773 ΙΙ
697 738 754 779 26,
780 740 801 772 2

81 782 249 816 exheres:
277 784 327 817 sic
351 783 537 818 exheredes
563 784 665 818 eritis
690 783 708 819 I
734 784 789 826 38,
814 785 836 818 2

79 828 355 871 811111313111119)
381 829 475 862 enim
502 829 624 873 (plebs)
650 840 689 864 ex
714 830 835 864 anima

129 874 273 918 regibus
300 875 394 918 aptis
420 875 458 910 11
484 875 538 915 28,
565 876 608 909 12

78 919 304 963 exiguus-
259 934 304 939 -
335 921 437 954 homo
462 921 646 972 iynobilis:
684 921 833 965 exiguus

125 966 268 1008 tyranni
300 966 336 999 in
369 966 473 1000 domo
508 966 649 1007 resides,
686 977 792 1010 praue
818 967 833 1000 Ι

126 1010 181 1053 23,
206 1011 229 1045 8
254 1012 312 1054 (cf.
339 1011 427 1064 Sap.
453 1014 486 1054 6,
504 1016 536 1046 6.
569 1012 676 1057 Cypr
695 1024 735 1056 Ρ.
755 1016 832 1054 119,

124 1059 167 1090 17
192 1056 254 1097 11.,
286 1057 349 1091 ubi
372 1058 519 1101 exiguus
544 1062 577 1092 et
602 1062 726 1102 potens
751 1069 833 1093 con-

122 1103 238 1137 trarte
262 1104 360 1137 inter
383 1113 420 1137 se
443 1103 672 1146 referuntur)

75 1148 227 1182 eximere
265 1163 308 1178 =
340 1159 532 1192 separare:
569 1151 752 1193 exemptus
788 1149 832 1183 ab

121 1193 354 1273 ὶΙΙΙΞἹΨετηε),
379 1195 587 1229 reconditur
603 1195 668 1229 illa
686 1200 830 1229 tuorum

213 1266 221 1281 ,
249 1240 291 1274 16

73 1285 200 1319 exinde
227 1299 272 1314 =
293 1285 424 1320 deinde
450 1287 490 1321 A.
518 1286 587 1320 567

72 1331 168 1365 exire
201 1345 246 1361 =
277 1331 319 1366 in
339 1332 525 1375 publicum
548 1333 718 1376 prodire:
757 1333 828 1367 exis
859 1334 861 1339 '

120 1387 182 1427 pro
209 1376 345 1412 foribus
370 1378 386 1411 Ι
411 1378 467 1418 37,
493 1379 526 1412 8.
568 1378 606 1412 111
633 1379 747 1422 nigris
773 1389 828 1412 ex-

120 1424 170 1456 ire
198 1448 206 1455 .
232 1447 241 1455 .
267 1433 330 1457 nec
355 1424 524 1467 plangere
548 1423 602 1458 fas
627 1428 683 1458 est
706 1424 746 1459 ΙΙ
771 1425 828 1467 32,
857 1436 860 1469 1

142 1493 149 1500 .
175 1489 221 1494 -
247 1482 287 1498 =
313 1468 515 1504 discedere:
541 1480 620 1503 cum
645 1470 755 1504 semel
772 1481 827 1504 ex-

119 1515 206 1548 isset
230 1515 388 1558 (animus
407 1525 452 1549 ex
469 1516 643 1559 corpore),
669 1516 826 1549 animum

118 1561 248 1603 perisse
288 1561 493 1594 defunctum
534 1560 551 1595 I
588 1561 643 1601 26,
685 1561 740 1595 27.
783 1581 825 1586 -

117 1619 162 1635 =
186 1606 295 1641 obire.
324 1606 432 1640 mori:
464 1606 500 1640 in
527 1606 598 1640 ista
623 1607 771 1641 historia
796 1607 826 1640 si

118 1650 230 1684 fidelis
269 1652 319 1685 ire
357 1653 523 1696 negauit,
565 1652 637 1685 exit
674 1652 826 1687 feliciter

116 1697 158 1730 Α.
184 1697 251 1731 877
278 1708 330 1742 sq.
354 1717 400 1723 -
423 1711 467 1727 =
484 1698 825 1742 στρατεύεσθαι(“έ);

115 1742 284 1777 immolat
311 1743 375 1777 hos
400 1743 554 1787 primum
575 1747 611 1777 et
636 1744 686 1777 sic
704 1745 746 1778 ad
773 1755 826 1778 ec-

117 1788 241 1822 clesias
266 1788 340 1822 exit
363 1789 406 1823 A.
431 1789 499 1823 858

68 1843 253 1868 exornare:
295 1845 374 1868 cum
414 1835 506 1868 Deus
544 1859 586 1867 ..
623 1840 825 1869 exornasset
855 1829 858 1859 ³

116 1879 238 1914 mundi
265 1885 429 1914 naturam
457 1881 473 1914 l
497 1881 530 1923 3,
561 1881 576 1914 l

67 1934 207 1959 exorare
231 1939 276 1955 =
301 1936 423 1960 orare:
449 1928 569 1960 exorat
593 1925 656 1960 ille
680 1926 824 1961 Altissi·

115 1982 211 2004 mum
237 1971 274 2005 ΙΙ
300 1971 354 2012 35,
384 1971 436 2005 17.
472 1974 618 2007 exorant
643 1971 757 2006 Deum
782 1973 824 2006 A.

65 2063 220 2106 experire
256 2076 301 2092 =
337 2062 558 2106 experiendo
594 2073 822 2107 coynoscere:

113 2118 153 2142 ex
179 2119 218 2142 eo
251 2108 342 2153 quod
376 2110 470 2142 forte
504 2107 626 2142 Iouem
653 2110 820 2152 experitis

113 2154 283 2188 orandum
311 2154 327 2188 I
356 2154 386 2195 7,
412 2154 433 2188 2

65 2199 208 2244 expiare
235 2200 370 2234 malum
396 2199 413 2234 Ι
439 2200 495 2241 30,
521 2198 693 2242 2o(·.>).11
719 2199 751 2241 6,
775 2201 799 2234 4

63 2246 215 2290 expletis
240 2244 459 2290 temporibus
484 2245 607 2279 messis
631 2243 668 2278 11
697 2245 750 2286 14,
776 2245 798 2278 2

63 2294 249 2344 exportare
266 2306 311 2321 =
328 2290 532 2335 deportare,
551 2290 737 2334 ablegare:
763 2300 819 2324 ex-

114 2337 250 2381 portari
278 2338 394 2379 magis
420 2336 455 2370 in
484 2335 614 2370 ultima
640 2339 735 2369 terra
759 2335 819 2370 de-

111 2384 235 2417 berent
259 2383 276 2418 I
307 2383 357 2423 16,
387 2383 427 2416 14
454 2382 512 2423 (cf.
544 2381 613 2416 Cic.
645 2381 747 2415 Verr.
774 2381 824 2415 ΙΙ
848 2399 850 2418 ,.=

110 2432 179 2470 1§.
199 2432 267 2463 40:
293 2442 312 2462 o
332 2431 532 2471 portentum
561 2427 601 2460 in
633 2427 818 2460 ultimas
848 2460 849 2468 ¹

110 2480 283 2508 terras
337 2472 674 2517 exportandum.
731 2472 818 2506 Liu.

108 2519 216 2554 XXI
238 2523 295 2560 10,
321 2521 382 2559 12)

62 2575 259 2609 exposcere:
286 2576 341 2599 me
366 2564 481 2598 solum
499 2563 653 2607 exposcit
679 2566 818 2607 tempus

110 2611 211 2645 uobis
236 2611 351 2645 dicere
377 2621 497 2644 uerum
524 2609 561 2644 11
587 2610 641 2650 29,
671 2611 685 2643 1

63 2657 259 2700 exprimere
285 2657 434 2700 (uinum)
461 2655 476 2689 I
507 2655 557 2694 12,
587 2656 628 2688 16

61 2702 290 2746 exprobrare:
316 2703 504 2746 exprobrat
528 2702 564 2734 in
583 2705 702 2734 totum
723 2699 815 2733 nihil

108 2751 231 2782 nostra
256 2748 332 2792 lege
358 2747 471 2781 teneri
498 2748 539 2781 A.
564 2746 632 2780 485

59 2795 477 2873 zssk'ssfiffefffiffissffiffff
482 2792 580 2878 1ῗῖἑῖ

1571 209 1657 251 213

900 330 1047 373 exter(‘?)
1058 343 1103 359 =
1116 334 1333 365 extraneus:
1353 331 1423 366 iam
1437 334 1533 366 exter
1548 343 1583 366 es
1599 332 1653 366 illi

947 374 984 408 II
1012 375 1065 412 17.
1083 376 1104 409 6
1131 376 1188 418 (cf.
1213 376 1427 411 Tlaielmann
1445 379 1486 412 ιἰι
1511 377 1652 420 Woelff-

945 420 1009 454 lin.
1034 420 1144 454 Arc-lc.
1172 421 1252 465 121.
1282 424 1341 462 76)

899 465 1132 500 exterminare
1166 491 1206 495 -
1186 465 1500 510 -ἐξολοθρεὺεινε
1538 473 1574 503 et
1599 479 1653 503 ex·

946 511 1131 545 terminari
1147 516 1229 556 post
1247 514 1348 546 illum
1363 513 1517 548 chrisma
1536 515 1653 558 regale

944 560 985 590 A.
1011 556 1079 591 268
1100 556 1210 601 (beot)

896 602 1103 646 extinguere
1128 616 1173 633 =
1199 602 1354 646 perdere
1385 602 1423 638 ΙΙ
1455 603 1558 645 23,‘>
1538 629 1569 638 ....

941 648 1100 682 intrans.
1134 662 1179 677 =
1211 649 1302 683 mori
1315 648 1355 692 (22)
1394 648 1412 683 I
1448 649 1504 691 30,
1538 651 1570 683 9.
1606 670 1653 676 —

942 693 1101 737 extingui
1127 707 1172 723 =
1196 695 1303 728 mori:
1341 694 1359 729 I
1384 694 1440 736 27,
1465 695 1497 728 6.
1533 695 1569 730 ΙΙ
1594 697 1649 736 32,

946 739 996 772 13.
1015 758 1057 763 -
1075 739 1232 773 extincta
1251 754 1291 769 =
1311 740 1470 784 cinis(·.>):
1496 741 1649 776 sortiris.

941 785 1074 864 ignari,
1110 786 1278 828 extincta,
1315 796 1420 820 aurea
1453 788 1592 830 quaeris
1632 787 1649 821 Ι

893 875 1017 909 extolli
1042 890 1087 905 =
1109 875 1297 919 superbire
1324 876 1341 910 I
1366 876 1421 918 32,
1447 878 1468 912 2

893 924 1012 954 extra:
1050 921 1199 965 populus
1231 922 1292 965 qui
1331 932 1424 956 nunc
1459 924 1513 957 est
1550 925 1649 958 extra

939 971 1099 1018 repostus
1127 967 1167 1000 A.
1194 967 1262 1002 959

893 1012 1082 1098 extiricare2
1095 1012 1207 1046 uItam
1241 1027 1285 1043 =
1306 1014 1515 1058 prospicere
1540 1015 1642 1049 uitae

983 1058 1023 1091 17

893 1107 1020 1138 extunc
1046 1103 1062 1137 I
1088 1104 1121 1144 9,
1146 1104 1167 1137 5

891 1158 974 1182 exue
1010 1154 1048 1183 te
1084 1149 1196 1182 tantis
1234 1149 1338 1183 malis
1376 1149 1472 1191 130,
1500 1152 1542 1184 13
1579 1151 1641 1192 (cf.

936 1205 1054 1228 eruere
1081 1199 1113 1229 et
1140 1195 1275 1230 Matth.
1303 1197 1335 1229 6.
1362 1198 1407 1229 13
1431 1195 1532 1239 apud
1560 1196 1646 1231 Ter-

936 1240 1015 1274 tull.
1038 1239 1114 1285 fay.
1139 1251 1168 1274 c.
1192 1243 1234 1276 2:
1259 1240 1318 1275 sed
1343 1251 1423 1275 erue
1441 1251 1505 1275 nos
1530 1252 1550 1275 a.
1569 1252 1644 1276 ma-

936 1286 1045 1330 ligno)

888 1366 1048 1411 Fabriea
1084 1378 1184 1412 cuius
1216 1379 1318 1411 erant
1350 1388 1428 1412 curn
1462 1378 1538 1422 ipsa
1563 1389 1637 1413 cre·

934 1427 1079 1456 inantur
1104 1423 1142 1457 II
1167 1424 1198 1464 2,
1228 1423 1280 1457 19.
1317 1423 1453 1458 fabrica
1477 1424 1642 1459 caelestis

935 1468 972 1502 ΙΙ
997 1468 1029 1511 3,
1059 1468 1080 1502 2

890 1513 1061 1548 fabricare
1086 1514 1103 1548 Ι
1133 1514 1183 1555 16,
1211 1514 1242 1547 7.
1268 1514 1310 1547 A.
1338 1515 1412 1548 165.
1440 1514 1504 1548 749

890 1559 1028 1593 fabulae
1054 1574 1098 1589 =
1121 1570 1302 1594 sermones
1327 1559 1365 1594 II
1389 1559 1443 1600 35,
1461 1561 1493 1593 3.
1522 1561 1572 1594 18.
1601 1559 1643 1593 Α.

890 1650 1074 1685 fabulosus
1098 1665 1143 1680 =
1167 1651 1303 1695 loquax
1329 1650 1367 1685 11
1392 1650 1437 1684 35
1462 1651 1571 1685 inser.

889 1697 1000 1730 facere
1019 1697 1110 1730 filios
1128 1697 1145 1730 Ι
1165 1697 1194 1737 7,
1213 1697 1265 1730 13.
1291 1707 1371 1730 crux
1385 1698 1503 1730 autem
1518 1696 1642 1730 stulti-

934 1742 1022 1775 tiam
1051 1742 1137 1776 facit
1168 1741 1321 1776 adulteri
1346 1741 1447 1785 genti
1485 1741 1502 1776 1
1527 1742 1584 1782 36,
1608 1745 1642 1776 3.

935 1788 1099 1822 Troianis
1132 1789 1192 1831 qui
1227 1786 1356 1821 bellum
1391 1787 1476 1821 fecit
1507 1786 1523 1821 1
1552 1787 1582 1829 7,
1607 1788 1641 1822 6.

934 1834 1021 1867 fecit
1047 1833 1216 1877 trophaea
1235 1836 1291 1876 (=
1309 1833 1497 1867 uictoriam
1516 1843 1639 1876 repor-

933 1879 1043 1922 tauiC)
1070 1882 1109 1912 A.
1137 1879 1213 1913 767.
1248 1884 1290 1912 ut
1313 1889 1423 1922 genus
1442 1878 1507 1912 hoc
1526 1879 1640 1913 homi·

934 1935 1018 1958 num
1056 1925 1189 1958 saciant
1226 1925 1301 1958 sine
1339 1924 1478 1958 nomine
1503 1923 1639 1958 Christi

945 1984 989 2000 =
1013 1971 1160 2014 priuent
1186 1970 1339 2011 nomine)
1365 1970 1407 2003 A.
1424 1968 1502 2003 874.
1528 1970 1639 2003 orati-

932 2027 1033 2050 onem
1069 2016 1182 2050 facere
1216 2030 1258 2045 =
1294 2026 1403 2049 orare
1439 2014 1477 2048 11
1514 2014 1568 2054 38,
1606 2016 1638 2048 6.

932 2062 1058 2106 legem,
1091 2060 1216 2100 edicta,
1251 2064 1438 2104 praecepta
1462 2061 1573 2095 facere
1599 2060 1636 2094 11

930 2108 983 2149 25,
1009 2108 1041 2141 4.
1067 2106 1122 2147 26,
1148 2108 1181 2142 8.
1206 2106 1260 2148 27,
1285 2108 1317 2138 ‘.
1343 2126 1387 2131 —
1417 2120 1460 2135 =
1484 2107 1637 2150 tinqere:

931 2153 1110 2186 hominem
1135 2177 1143 2184 .
1160 2176 1170 2186 .
1195 2164 1230 2186 se
1257 2152 1341 2186 fecit
1366 2154 1408 2185 A.
1425 2151 1502 2186 623.
1528 2155 1637 2185 recto-

930 2209 999 2232 rem
1026 2198 1115 2231 caeli
1142 2197 1227 2231 facis
1254 2200 1289 2230 te
1320 2197 1337 2230 1
1363 2197 1417 2236 23,
1447 2198 1498 2230 11.
1530 2215 1575 2223 --
1606 2208 1635 2231 c.

929 2244 1018 2285 infi:
1045 2244 1079 2277 in
1109 2243 1221 2276 medio
1242 2243 1368 2286 populo
1386 2242 1474 2285 quid
1493 2246 1527 2275 te
1546 2242 1634 2275 facis·

928 2289 1080 2323 alterum
1106 2299 1179 2322 esse
1207 2287 1222 2321 I
1249 2288 1304 2328 30,
1329 2288 1361 2321 2.
1389 2290 1557 2321 rectorem
1575 2286 1635 2321 do-

929 2335 1136 2378 minumque
1163 2339 1264 2367 tuum
1286 2332 1380 2367 nihil
1399 2342 1499 2376 posse
1517 2331 1633 2366 fecisti

928 2380 943 2414 I
982 2380 1036 2417 27
1082 2381 1132 2413 12.
1181 2390 1269 2423 quos
1312 2378 1448 2412 faciunt
1485 2377 1633 2412 mundos

927 2426 993 2469 ipsi
1024 2426 1092 2459 Deo
1118 2450 1126 2457 .
1153 2424 1323 2468 .placere
1348 2423 1391 2456 A.
1415 2423 1494 2457 678.
1521 2425 1634 2458 facere

926 2483 963 2505 se
998 2485 1041 2501 =
1074 2470 1239 2512 conferre
1270 2479 1440 2502 sexeum
1474 2474 1508 2502 te
1545 2469 1633 2502 facis

926 2516 1070 2550 musicis
1090 2518 1182 2550 inter
1202 2515 1237 2549 II
1257 2514 1440 2553 17,12.-
1461 2529 1501 2533 -
1461 2525 1538 2547 -α
1562 2525 1632 2554 ere,

926 2563 1071 2596 uiuere:
1088 2559 1532 2611 qnadragintadiescumil
1554 2561 1581 2593 is
1592 2570 1632 2594 ex

924 2607 1045 2641 ordine
1073 2607 1157 2641 fecit
1175 2609 1216 2640 A.
1234 2606 1299 2639 571
1327 2605 1387 2649 (cf.
1415 2605 1630 2645 Roensch

927 2653 976 2687 lt.
995 2664 1032 2689 u.
1057 2652 1207 2696 Vu19.p.
1226 2654 1316 2715 366;
1342 2651 1498 2690 Rossi,
1522 2651 1633 2685 inser.

924 2698 1043 2732 christ
1071 2698 1174 2733 Rom.
1200 2699 1269 2731 107
1320 2707 1397 2730 curn
1424 2706 1494 2739 qua
1519 2696 1631 2729 fecit

925 2743 1029 2777 annis
1056 2742 1166 2781 V;111
1191 2741 1279 2776 ibid.
1305 2744 1371 2776 08:
1397 2751 1486 2785 quae
1513 2741 1631 2775 uixit

927 2800 1061 2823 mecum
1099 2799 1210 2822 annos
1247 2787 1396 2829 XVIII).
1437 2806 1481 2811 —-
1517 2787 1630 2820 :acen

924 2835 1077 2869 alterius
1108 2834 1213 2869 uerbi
1246 2835 1359 2867 uicem
1386 2832 1568 2866 emmens:
1600 2831 1628 2864 si
