1934 3278
543 222 597 256 De
622 224 745 256 sancto
771 220 968 256 Athanasio
995 220 1083 255 liber
1107 219 1150 255 ΙΙ.
1527 222 1598 263 151

93 351 169 393 tibi
202 350 442 392 obiecimus.
506 360 658 402 negare
698 360 777 390 non
816 347 971 400 poteris
1014 347 1145 388 talem
1185 347 1227 388 te
1259 348 1459 400 praebere
1492 348 1606 389 circa

95 432 180 469 nos,
214 419 381 472 qualem
415 430 457 459 se
489 416 731 471 praebuerit
754 415 946 458 Herodes
978 416 1063 466 ille,
1096 416 1162 457 cui
1198 417 1239 457 et
1270 417 1310 458 in
1336 417 1603 459 carnificinae

92 488 209 530 rabie
243 488 285 529 et
314 487 353 528 in
388 485 609 539 sacrilegio
643 487 685 526 et
715 485 756 526 in
788 485 921 539 regali
946 485 1150 538 dignitate
1174 497 1265 526 esse
1287 485 1487 527 inueniris
1515 486 1605 528 col-

93 557 202 610 lega,
236 556 349 597 circa
380 555 475 597 illos
508 567 612 608 quos
643 554 684 596 in
718 553 937 608 euangelio
969 554 1152 608 legimus
1183 555 1352 607 propter
1386 554 1510 596 deum
1538 555 1606 598 dei

59 626 226 667 sfilium
258 624 502 666 interfectos
534 623 744 677 paruulos.
777 623 975 664 inuenisti
1009 624 1153 677 utiquc
1187 624 1386 677 scriptam
1419 624 1605 665 crudeli-

93 696 224 736 tatem
242 693 437 742 Herodis,
457 706 583 747 quam
602 705 707 734 nunc
726 693 771 733 tu
791 692 976 746 dignaris
996 693 1203 741 exhibere,
1223 692 1607 746 apudMatthaeum

96 763 423 818 euangelistam:
464 766 564 805 tunc
604 762 791 804 Herodes
831 775 926 803 cum
966 762 1125 803 uideret
1156 765 1259 815 quia
1289 761 1458 804 delusus
1489 765 1549 804 est
1579 777 1607 803 a

92 834 242 888 mayis,
279 833 414 874 iratus
445 834 502 873 est
536 831 794 873 uehementer
824 833 861 871 et
892 830 1012 871 misit
1041 830 1224 872 occidere
1255 843 1396 872 omnes
1419 830 1607 883 infantes

94 903 142 943 in
174 901 416 943 Bethlehem
446 903 483 941 et
514 901 561 941 in
592 899 786 941 omnibus
815 898 975 952 finibus
1012 900 1101 940 ecus
1143 913 1171 939 ιι
1209 899 1370 940 bimatu
1408 901 1447 940 et
1484 900 1607 953 infra

45 980 78 1005 1⁰
93 971 322 1014 secundum
363 972 524 1022 tempus
561 969 669 1021 quod
707 968 963 1020 exquisierat
995 981 1023 1009 a
1052 967 1203 1020 [ιηαςμζς.
1265 967 1435 1009 minime
1470 967 1605 1010 adhuc

94 1040 285 1082 fortassis
307 1038 514 1092 conspicis
538 1039 596 1080 sic
618 1039 661 1078 te
693 1037 846 1078 iniuste
870 1037 1016 1078 contra
1038 1049 1111 1078 nos
1136 1035 1201 1077 dei
1225 1037 1409 1079 cultores
1431 1039 1605 1087 motum,

94 1111 316 1150 utcontra
362 1108 456 1149 illos
503 1106 701 1161 paruulos
748 1105 874 1146 fuerit
920 1106 1059 1147 motus
1107 1105 1310 1147 Herodes.
1373 1120 1446 1147 cur
1489 1108 1606 1149 nobis

96 1178 280 1231 dignaris
314 1190 405 1219 esse
437 1177 642 1218 infestus?
674 1187 822 1228 nempe
855 1175 953 1228 quia
985 1175 1194 1216 fateamur
1226 1187 1300 1216 nos
1333 1175 1604 1224 Christianos,

95 1247 164 1300 qui
195 1260 273 1288 non
309 1245 649 1287 damnauerimus
680 1244 837 1285 iustum
863 1243 978 1285 falsis
1003 1256 1027 1284 a
1048 1245 1089 1284 te
1113 1244 1438 1297 praegrauatum
1461 1246 1606 1286 crimi-

43 1329 75 1353 ιε»
94 1315 226 1357 nibus.
290 1315 440 1368 quibus
471 1315 597 1355 rebus
630 1313 821 1367 quisnam
857 1314 913 1355 sis
948 1326 994 1354 ex
1028 1313 1141 1355 beati
1173 1313 1383 1366 baptistae
1406 1314 1601 1356 Iohannis

94 1384 304 1437 responsis
343 1383 499 1437 poteris
538 1383 795 1437 perpendere
838 1384 878 1423 et
918 1384 1050 1424 temet
1096 1382 1367 1425 reconciliare
1416 1382 1492 1424 deo
1532 1396 1606 1437 per

93 1452 418 1506 paenitentiam:
443 1453 668 1506 proyem'es
698 1453 961 1504 asperarum,
1012 1453 1109 1506 quis
1148 1452 1459 1494 demonstrauit
1489 1452 1604 1494 uobis

93 1523 237 1576 fuyere
269 1522 322 1563 ab
356 1522 425 1562 ira
455 1521 806 1574 superacutum?
834 1522 965 1575 facite
996 1535 1090 1576 eryo
1120 1521 1298 1575 digmum
1312 1522 1608 1574 paenitentiae

94 1591 283 1643 fructum
331 1593 367 1631 et
407 1590 538 1631 nolite
568 1590 792 1643 praeferre
838 1603 912 1632 uos
950 1590 1154 1632 dicentes:
1193 1593 1365 1642 patrem
1410 1590 1607 1632 habemus

42 1678 75 1702 20
94 1659 328 1702 Abraham.
361 1659 455 1700 dico
486 1658 601 1700 enim
634 1658 766 1712 uobis,
800 1659 910 1711 quod
935 1662 1086 1711 potens
1117 1658 1171 1699 sit
1202 1659 1303 1700 deus
1323 1659 1371 1700 de
1394 1659 1609 1711 lapidibus

99 1730 190 1770 istis
220 1728 428 1770 suscitare
456 1728 571 1781 filios
603 1726 817 1769 Abrahae.
849 1728 937 1769 iam
968 1729 1122 1769 etenim
1145 1727 1202 1769 ad
1222 1728 1387 1770 radices
1409 1728 1608 1770 arborum

88 1798 234 1852 posita
263 1801 321 1838 est
351 1798 520 1839 securis.
553 1797 691 1838 onmis
721 1798 835 1838 enim
865 1797 994 1839 arbor
1024 1812 1131 1851 quae
1163 1811 1248 1839 non
1277 1798 1384 1851 faed
1412 1799 1603 1851 fructum

96 1866 251 1908 bonum
281 1866 491 1907 exciditur
521 1869 557 1907 et
588 1866 637 1907 in
666 1866 806 1919 iynem
836 1867 1034 1908 mittitur.

157 1936 251 1977 [ΙΙΙ.
287 1934 397 1988 Quid
430 1935 559 1976 sentis
592 1935 644 1976 ad
677 1936 810 1977 haec?
844 1935 1063 1977 debuimus
1097 1935 1295 1977 damnare
1328 1936 1606 1985 innocentem,

45 2020 78 2044 2⁵
98 2004 318 2047 debuimus
358 2004 457 2045 dare
505 2005 650 2045 contra
696 2005 911 2046 absentem
957 2004 1193 2046 inauditum
1235 2005 1518 2046 sententiam?
1568 2007 1610 2046 et

98 2073 318 2127 quomodo.
350 2087 446 2114 cum
478 2074 554 2115 hoc
587 2073 846 2116 fecissemus.
879 2075 1148 2127 potueramus
1171 2074 1341 2126 reperiri
1365 2074 1606 2118 Christiani.

99 2154 193 2182 cum
226 2142 334 2183 illos.
368 2154 449 2195 quo
472 2142 632 2195 possint
657 2156 748 2184 esse
773 2143 1012 2186 Christiani,
1037 2143 1227 2184 hortatus
1249 2142 1374 2184 fuerit
1405 2143 1603 2185 beatissi-

98 2223 190 2252 mus
222 2211 440 2260 Iohannes,
473 2212 520 2252 ut
551 2211 722 2264 dignum
756 2212 936 2252 fructum
970 2211 1169 2252 fecissent
1199 2211 1512 2264 paenitentiae?
1542 2212 1602 2252 illi

99 2279 167 2332 qui
216 2279 392 2320 necdum
439 2279 827 2332 conprehenderant
874 2280 984 2321 uiam
1032 2279 1218 2321 iustitiae
1265 2280 1603 2333 conprehendere

49 2364 80 2389 ³0
99 2348 368 2400 cogebantur.
402 2360 474 2389 nos
509 2348 577 2400 qui
609 2348 691 2388 iam
714 2349 906 2389 tenemus
933 2349 1214 2401 urguebamur
1237 2349 1361 2401 atque
1382 2361 1608 2401 urguemur

101 2430 123 2457 a
156 2420 196 2456 ts·
230 2417 331 2457 iilud
366 2429 571 2470 occupare
612 2417 692 2457 iter
730 2417 978 2470 iniquitatis,
1021 2418 1059 2458 in
1106 2431 1185 2471 quo
1227 2418 1348 2470 positi
1383 2418 1607 2458 noscantur

235 2542 252 2574 ’ἶ
283 2541 410 2576 Matth.
436 2542 468 2577 ⁶2.
499 2543 539 2575 1⁴3
637 2543 677 2576 17
704 2542 748 2576 ib.
776 2543 807 2581 3,
837 2543 948 2576 7-10

167 2654 188 2688 ‘2
214 2656 327 2690 uerba
355 2656 490 2699 qualem
516 2667 551 2689 se
578 2655 777 2700 praebuerit
806 2659 891 2699 post
918 2655 1046 2699 poteris
1073 2656 1092 2689 Ι.
1122 2659 1139 2689 1
1173 2656 1300 2699 posita
1328 2666 1460 2689 nunnus
1487 2667 1610 2690 reeens

101 2713 382 2756 transponenda
410 2713 596 2747 imlieazcit
715 2714 736 2746 3
762 2713 880 2747 rabiae
906 2725 949 2747 m.
978 2717 995 2747 1
1115 2714 1135 2746 6
1162 2712 1338 2748 matheum
1455 2714 1476 2746 9
1510 2712 1608 2747 beth-

474 2762 478 2774 .

99 2779 186 2814 leem
298 2782 339 2814 lo
364 2782 558 2825 exquiserat
678 2783 717 2815 14
745 2782 823 2826 quia
849 2782 936 2824 sort.
1059 2782 1098 2814 19
1124 2780 1234 2826 pserrc
1268 2782 1304 2825 V,
1338 2781 1488 2825 proferre
1514 2794 1609 2816 κεί-3.

103 2852 180 2883 ane.
275 2849 315 2883 21
346 2850 474 2884 etenim
509 2851 544 2893 V,
572 2851 662 2884 enim
692 2864 708 2885 ι·
802 2850 846 2884 ‘26
871 2850 1035 2894 repperiri
1130 2850 1174 2883 30
1199 2831 1312 2884 t'meus
