1934 3278
619 266 672 300 De
697 268 819 300 sancto
844 266 1038 301 Athanasio
1063 267 1152 302 liber
1177 267 1200 302 I.
1611 272 1663 314 73

162 392 327 432 fuerant
358 391 547 432 arbitrati
580 391 778 444 potuisse,
819 392 865 431 ut
894 393 1009 433 tuam
1043 392 1231 446 fragilem
1263 406 1484 436 uereamur
1514 397 1661 449 poten-

163 459 288 506 tiam;
322 459 355 500 si
390 459 497 500 enim
530 471 607 501 non
639 459 699 500 ita
721 459 867 500 Iudaei
890 461 1180 505 credidissent.
1215 462 1325 515 quod
1348 462 1547 505 uidelicet
1568 465 1661 518 plus

164 530 333 580 possent
365 529 616 578 chananaei,
657 529 846 569 Iebusaei
889 530 931 569 et
969 530 1212 571 Amorrhaei
1259 531 1300 571 et
1343 533 1472 573 ceteri
1503 533 1659 574 inimici

164 610 288 650 quam
321 597 437 647 deus,
470 610 696 651 numquam
726 598 911 650 profecto
942 598 1098 653 Moysis
1120 611 1269 640 uocem
1292 601 1662 653 superhabuissent

127 674 145 697 ⁵
163 665 361 708 dicentis:
403 681 454 708 ne
486 667 721 720 loquamini
751 680 881 719 neque
920 667 1211 720 formidemini
1249 669 1300 710 ab
1330 670 1399 711 eis.
1461 670 1659 713 domiuus

162 735 262 777 deus
291 739 437 780 uester.
485 738 558 789 qut
596 736 803 778 antecedit
839 739 938 777 ante
973 737 1126 788 faciem
1164 740 1360 791 uestram,
1408 739 1496 791 ipse
1533 739 1660 781 simut

162 805 416 858 eoepuynabit
451 817 518 846 eos
546 805 760 847 uobiscum
799 806 1025 847 secundum
1063 806 1209 847 omnia
1246 820 1526 861 quaecumque
1564 810 1662 862 fecit

164 873 283 915 uobis
315 874 361 914 in
390 877 505 915 terra
534 874 730 927 Aeyypti,
771 877 808 915 et
845 874 895 915 tu
924 874 1080 915 deserto
1119 874 1192 916 hoe
1229 875 1337 928 quod
1374 876 1530 918 uidetis
1560 891 1660 930 quo-

162 941 282 983 modo
302 941 411 994 fouit
434 944 469 983 te
489 942 688 983 dominus
708 942 811 984 deus
831 945 939 996 tuus,
972 943 1080 983 sicut
1101 943 1197 995 quis
1215 945 1358 996 foueat
1378 943 1498 985 homo
1519 945 1660 997 filium

111 1014 144 1039 ¹⁰
160 1022 296 1059 suum,
328 1010 376 1050 in
407 1023 569 1052 omnem
599 1011 719 1052 uiam
750 1025 877 1063 quam
910 1011 1153 1062 ambulatis,
1185 1013 1453 1065 quoadusque
1483 1014 1661 1056 uenistis

161 1079 219 1120 ad
249 1078 359 1120 hemo
390 1078 539 1129 locum,
571 1080 776 1121 deducens
813 1093 889 1121 uos
929 1081 976 1121 in
1008 1081 1099 1134 iqui
1129 1084 1255 1130 noete,
1297 1081 1514 1122 ostendens
1546 1082 1662 1124 uobis

97 1175 100 1178 >
159 1147 252 1199 iter,
286 1150 333 1188 ut
362 1147 638 1189 ambularetis
671 1149 716 1189 tn
747 1162 838 1190 eam
870 1152 907 1190 et
941 1149 987 1189 in
1017 1148 1125 1190 nube
1145 1149 1241 1192 diet.
1282 1149 1316 1190 si
1341 1161 1419 1190 non
1441 1150 1659 1203 posthaec

161 1216 364 1257 salutaria
393 1216 552 1257 monita
582 1216 675 1268 plus
706 1216 891 1269 potuisse
932 1229 1034 1269 quos
1065 1217 1210 1258 contra
1240 1229 1419 1270 pugnam
1459 1219 1661 1271 gerebant

161 1297 285 1338 quam
319 1284 443 1326 deum
474 1284 549 1325 filii
584 1285 715 1326 lsrael
747 1285 921 1326 fuissent
952 1285 1185 1333 credentes,
1219 1298 1444 1338 numquam
1475 1286 1659 1339 profecto

110 1361 142 1386 ¹⁵
162 1353 215 1395 ad
236 1365 400 1394 omnem
426 1353 695 1395 deuenissent
715 1354 942 1395 interitum.
980 1354 1191 1407 potentem
1208 1354 1337 1407 igitur
1360 1367 1451 1396 esse
1469 1355 1660 1396 nouimus

160 1422 285 1464 deum
318 1423 371 1464 ad
405 1423 638 1476 eripiendos
678 1436 751 1465 nos
784 1422 834 1464 de
866 1423 1057 1464 manibus
1089 1423 1186 1473 tuis,
1227 1423 1281 1464 ad
1319 1424 1504 1465 caeleste
1543 1424 1660 1465 nobis

160 1504 332 1546 regnum
364 1492 613 1545 promissum
644 1492 877 1533 tendentes.
927 1492 1076 1533 timere
1106 1495 1223 1533 tuam
1255 1492 1548 1534 crudelitatem
1581 1505 1658 1534 non

160 1563 400 1615 poterimus.
433 1561 612 1602 maxime
646 1561 716 1615 qui
749 1561 998 1615 elegerimus
1031 1573 1055 1602 a
1084 1562 1139 1609 te,
1173 1573 1252 1602 non
1286 1574 1309 1602 a
1341 1560 1417 1602 deo
1449 1561 1595 1614 puniri.

216 1629 287 1671 VI.
321 1630 493 1671 Dixisti:
516 1631 716 1672 damnate
737 1630 1039 1672 Athanasium.
1075 1642 1198 1683 quem
1222 1641 1400 1678 eramus,
1425 1629 1655 1678 Constanti,

106 1698 427 1740 nodamnamri?
472 1699 658 1748 illumne,
700 1712 823 1752 quem
864 1698 1057 1740 uidemus
1097 1698 1162 1740 dei
1203 1698 1335 1739 filium
1377 1697 1578 1746 confiteri,
1613 1699 1658 1739 ut

159 1769 256 1809 sunt
301 1768 480 1809 confessi
531 1767 794 1821 patriarchae
840 1768 1066 1821 prophetae
1115 1766 1289 1820 apostoli
1339 1778 1385 1807 ac
1426 1767 1657 1820 martyres?

160 1849 209 1877 an
239 1838 295 1886 te,
337 1837 406 1890 qui
449 1837 505 1878 sis
547 1848 715 1890 negans,
757 1837 805 1877 ut
843 1836 1014 1889 negauit
1051 1835 1253 1889 magister
1290 1836 1388 1876 tuus
1420 1835 1577 1884 ArriuS,
1611 1837 1657 1876 ut

159 1907 418 1958 negauerunt
450 1905 642 1948 Scarioth
672 1905 801 1947 Iudas
846 1906 887 1946 et
925 1904 1065 1946 cuncti
1105 1904 1279 1946 Iudaei?
1326 1903 1428 1945 dicit
1468 1904 1570 1945 deus
1605 1903 1657 1945 ad

159 1975 352 2029 Moysen:
391 1988 477 2016 non
507 1978 633 2016 erunt
661 1975 737 2016 tibi
767 1974 830 2015 dii
861 1974 943 2015 alii
970 1976 1139 2026 praeter
1169 1986 1244 2015 me.
1303 1986 1388 2014 nou
1415 1973 1548 2026 facies
1578 1973 1654 2014 tibi

106 2051 141 2077 2⁶
158 2044 352 2096 sculptile
383 2057 512 2097 neque
541 2057 703 2085 omnem
722 2042 1046 2084 similitudinem
1068 2055 1221 2094 eorum,
1253 2054 1531 2094 quaecumque
1558 2044 1655 2082 sunt

157 2112 205 2152 in
234 2111 345 2153 caelo
373 2125 543 2153 sursum
579 2114 618 2152 et
654 2125 808 2161 eorum,
856 2124 963 2164 quae
1000 2114 1100 2152 sunt
1139 2111 1186 2151 iu
1227 2113 1339 2151 terra
1376 2110 1579 2155 deorsum,
1619 2112 1655 2150 et

156 2194 436 2234 quaecumque
466 2183 568 2222 sunt
597 2181 645 2221 in
676 2181 801 2233 aquis
830 2180 973 2221 subtus
1003 2183 1170 2221 terram.
1209 2192 1295 2219 non
1328 2179 1525 2220 adorabis
1563 2178 1654 2219 illis

157 2262 286 2302 neque
315 2250 474 2291 seruies
504 2249 555 2298 ei,
587 2249 793 2301 quoniam
830 2262 900 2302 eqo
931 2261 1023 2289 sum
1055 2248 1251 2289 dominus
1281 2247 1380 2289 deus
1410 2250 1520 2298 tuus,
1552 2246 1652 2287 deus

156 2319 312 2368 zelans,
346 2318 523 2359 reddens
546 2320 724 2370 peccata
738 2319 920 2370 patrum
941 2317 990 2357 in
1010 2316 1117 2369 filiis
1139 2316 1187 2356 in
1208 2315 1377 2357 tertiam
1397 2318 1433 2355 et
1455 2317 1649 2367 quartam

104 2394 140 2421 ιο
149 2387 396 2441 proyeniem
433 2387 490 2427 ets
526 2386 599 2439 qui
638 2386 816 2427 oderunt
852 2399 926 2434 me,
966 2388 1004 2425 et
1039 2384 1202 2436 faciens
1241 2382 1574 2424 misericordiam
1603 2382 1652 2421 in

157 2454 326 2497 milibus
357 2455 422 2495 his
452 2455 526 2507 qut
555 2454 740 2507 diliyunt
770 2467 833 2494 me
875 2456 912 2494 et
942 2453 1008 2494 his
1045 2453 1118 2505 qui
1153 2451 1392 2493 custodiunt
1429 2452 1655 2502 praecepta

294 2614 313 2646 5
340 2613 444 2648 Deut.
472 2613 502 2651 1,
530 2612 666 2646 29--33
759 2611 802 2644 24
830 2611 875 2645 ib.
900 2613 932 2649 5.
961 2611 1067 2644 7—11

224 2748 246 2782 2
270 2747 502 2782 credidissent
527 2750 580 2790 (nt
604 2748 645 2781 ¹in
669 2752 761 2789 ras.)
885 2746 906 2779 3
930 2746 1098 2780 cananaei
1224 2744 1370 2779 amorrei
1492 2746 1510 2777 4
1538 2754 1651 2788 super-

657 2794 688 2810 u.

156 2817 342 2852 habuissen
459 2817 479 2848 5
504 2815 736 2849 forniidernini
762 2816 802 2856 (Ψ
829 2827 870 2849 m.
897 2818 981 2857 rec.)
1099 2816 1120 2848 6
1146 2816 1261 2849 uester
1288 2813 1412 2853 LXX,
1438 2811 1477 2848 ffi·
1515 2813 1562 2847 Vt·

159 2874 200 2908 12
226 2885 266 2907 ea
296 2885 312 2906 ι·
408 2874 449 2907 16
476 2872 671 2917 eripiendas
764 2872 808 2905 23
835 2872 1011 2906 scharioth
1105 2872 1147 2906 27
1174 2871 1233 2905 illa
1262 2883 1278 2904 ι·
