1934 3278
589 280 641 314 De
667 282 789 313 sancto
816 279 1010 313 Athanasio
1035 278 1125 313 liber
1147 278 1174 312 Ι.
1579 278 1633 320 89

130 420 312 460 peccare,
343 419 430 457 rex,
471 406 517 446 in
547 417 716 446 seruum
745 407 864 445 tuum
894 402 1058 458 Dauid,
1099 403 1303 456 quoniam
1333 416 1418 444 non
1442 406 1634 456 peccauit

134 476 181 516 in
211 478 260 528 te,
293 477 330 516 et
359 473 478 526 facta
507 473 598 514 eius
627 472 736 514 bona
766 474 866 513 sunt
895 472 1035 514 ualde.
1067 474 1106 513 et
1127 473 1278 524 posuit
1297 472 1491 512 animam
1511 484 1633 513 suam

134 544 184 583 in
200 542 399 584 manibus
414 542 504 582 suis
525 543 562 582 et
584 540 735 582 occidit
750 539 1048 593 alieniqenam,
1071 542 1108 581 et
1123 539 1221 592 fecit
1242 539 1440 581 dominus
1456 540 1634 581 salutem

134 612 181 652 in
212 610 366 661 Israel,
399 612 438 651 et
466 609 603 650 omnis
633 607 772 650 Israel
802 608 1004 649 uiderunt
1034 611 1072 649 et
1099 608 1243 662 yauisi
1263 611 1373 650 sunt.
1406 611 1444 649 et
1463 611 1510 649 ut
1530 608 1633 661 quid

97 693 113 717 ⁵
125 691 274 731 peccas
320 679 369 719 in
417 676 671 730 sanquinem
718 676 979 717 innocentem
1028 678 1067 716 et
1114 675 1294 718 occidere
1342 675 1492 718 Dauid
1540 677 1633 718 sine

133 747 295 788 causa?
345 749 382 787 et
413 745 584 786 audiuit
616 743 726 786 Saul
756 756 898 785 uocem
929 742 1139 786 Ionathae
1169 744 1254 797 filii
1277 746 1359 796 sui,
1400 748 1437 786 et
1467 745 1635 786 iurauit

133 814 240 857 Saul
261 814 427 856 dicens:
457 813 569 854 uiuit
588 812 793 862 dominus,
825 811 863 852 si
884 814 1073 853 mortuus
1093 812 1223 865 fuerit
1244 811 1410 865 Dauid,
1442 814 1485 854 et
1504 812 1632 854 infra:

131 886 170 924 et
197 883 406 925 adiectum
436 885 495 923 est
525 879 676 922 bellum
705 881 813 935 fieri,
847 883 886 922 et
906 880 1093 922 inualuit
1114 880 1267 922 Dauid
1304 884 1343 922 et
1373 882 1635 935 expuynauit

131 952 396 1005 alieniqenas
425 953 464 992 et
487 950 698 1002 percussit
716 949 814 991 illos
829 949 967 1003 playa
989 963 1157 1003 mayna,
1190 952 1228 991 et
1247 949 1448 1003 fuyerunt
1478 964 1506 990 a
1526 949 1634 1002 facie

80 1035 111 1060 ιο
132 1019 295 1063 Dauid.
327 1022 365 1061 et
394 1019 534 1071 factus
564 1021 623 1060 est
651 1019 700 1059 in
733 1017 839 1060 Saul
870 1018 1051 1071 spiritus
1080 1017 1232 1067 malus,
1265 1021 1302 1059 et
1333 1019 1489 1071 ipsein
1510 1019 1631 1061 domo

129 1102 209 1130 sua
238 1086 484 1140 dormiebat,
515 1090 553 1128 et
582 1089 674 1128 erat
703 1087 751 1128 in
783 1100 916 1127 manu
946 1086 1034 1127 eius
1066 1087 1224 1137 lancea,
1256 1090 1293 1128 et
1313 1101 1399 1129 ecce
1421 1088 1634 1141 psallebat

128 1157 178 1198 in
207 1156 402 1197 manibus
431 1156 534 1197 suis.
582 1158 619 1196 et
649 1155 871 1208 quaerebat
902 1154 1015 1197 Saul
1048 1158 1264 1208 percutere
1303 1154 1452 1197 lancea
1483 1156 1634 1198 Dauid

129 1227 168 1266 et
190 1225 410 1278 percussit,
441 1227 479 1265 et
509 1223 742 1265 declinauit
771 1222 925 1264 Dauid
962 1237 990 1263 a
1027 1223 1137 1275 facie
1169 1223 1292 1266 Saul.
1352 1227 1390 1265 et
1423 1226 1634 1277 percussit

128 1293 274 1336 lancea
302 1294 352 1334 in
380 1293 594 1345 parietem,
636 1295 672 1333 et
703 1291 854 1334 Dauid
891 1292 1006 1345 fuqit
1041 1295 1078 1332 et
1114 1291 1265 1333 saluus
1294 1292 1434 1345 factus
1463 1297 1534 1335 est,
1596 1297 1633 1335 ct

78 1377 110 1403 1⁵
127 1362 288 1414 factum
327 1364 386 1403 est
414 1362 463 1402 in
493 1361 575 1403 illa
612 1363 743 1413 nocte,
786 1362 825 1401 et
862 1360 979 1401 misit
1011 1360 1117 1402 Saul
1156 1361 1330 1402 nuntios
1368 1361 1425 1402 ad
1464 1361 1632 1404 domum

128 1430 293 1485 Dauid,
331 1434 378 1471 ut
417 1430 672 1472 custodirent
713 1428 845 1477 illum,
887 1442 967 1481 quo
1007 1442 1132 1470 mane
1170 1430 1368 1471 occideret
1399 1429 1535 1472 illum.
1596 1435 1633 1473 et

128 1498 279 1541 Dauid
308 1499 418 1553 fuqit
459 1502 495 1539 et
534 1498 685 1540 saluus
723 1499 863 1551 factus
900 1500 978 1539 est.
1026 1501 1063 1538 et
1101 1499 1220 1539 uenit
1256 1498 1313 1539 ad
1345 1498 1544 1540 Samuhel
1583 1500 1631 1540 in

127 1567 376 1617 Armathen,
408 1570 445 1607 et
475 1567 746 1607 renuntiauit
774 1567 811 1606 ei
842 1566 988 1607 omnia
1017 1580 1124 1618 quae
1151 1567 1254 1619 fecit
1274 1566 1394 1616 Saul,
1440 1568 1481 1608 et
1500 1567 1631 1609 infr-a:

127 1638 167 1677 et
193 1636 333 1688 factus
361 1638 418 1676 est
439 1635 578 1676 iratus
598 1635 646 1675 in
669 1634 886 1676 Ionathan
909 1634 1018 1676 Saul
1040 1635 1179 1689 ualde,
1211 1635 1254 1676 et
1273 1635 1399 1676 infra:
1431 1639 1469 1677 et
1498 1637 1631 1678 dixit:

75 1720 109 1745 ιο
127 1705 242 1745 mitte
272 1703 385 1758 haec,
418 1704 560 1755 accipe
591 1703 796 1755 iuuenem,
829 1703 1034 1755 quoniam
1064 1702 1185 1756 silius
1215 1705 1363 1745 mortis
1392 1707 1464 1746 est.
1505 1707 1542 1746 et
1573 1718 1631 1747 re-

125 1772 295 1825 spondit
327 1771 541 1814 Ionathan
563 1772 687 1825 patri
716 1784 815 1813 suo:
859 1785 990 1824 quare
1021 1772 1233 1814 moritur?
1277 1773 1380 1826 quid
1419 1773 1550 1826 fecit?
1594 1777 1631 1816 et

123 1840 294 1882 sustulit
336 1839 441 1882 Saul
480 1840 672 1881 lanceam
711 1841 758 1880 in
798 1839 1040 1891 Ionathan,
1081 1843 1129 1881 ut
1165 1841 1359 1882 occideret
1396 1856 1500 1883 eum.
1562 1843 1630 1884 cui

125 1909 316 1962 parceret
347 1908 461 1957 Saul,
494 1921 595 1949 uera
626 1909 703 1950 sibi
736 1908 891 1950 dicenti
932 1909 1097 1962 quando
1136 1922 1209 1951 nec
1242 1910 1328 1951 filio
1367 1912 1629 1964 pepercerit?

126 1978 184 2019 sic
217 1978 318 2019 estis
339 1978 653 2031 praetereuntes
679 1977 798 2033 (dei)
823 1978 1023 2019 mandata
1055 1979 1178 2032 atque
1211 1981 1352 2020 uestra
1383 1981 1627 2022 statuentes.

74 2062 107 2087 2⁵
128 2046 303 2099 denique
344 2058 423 2087 non
462 2046 674 2095 miramur,
707 2046 755 2095 si,
794 2047 892 2100 quia
924 2047 1098 2088 dicitur:
1131 2062 1218 2089 non
1250 2052 1386 2101 potest
1422 2050 1627 2091 damnari

125 2115 282 2160 absens.
331 2115 486 2156 domini
517 2115 782 2168 persequaris
814 2115 1070 2164 sacerdotes,
1112 2117 1277 2169 quando
1317 2117 1537 2159 uideamus
1569 2118 1627 2159 sic

126 2183 252 2225 fnisse
293 2183 370 2225 deo
417 2183 668 2225 famulantes
713 2185 980 2237 persecutum
1023 2184 1136 2226 Saul.
1195 2185 1379 2239 loquitur
1423 2187 1630 2240 scriptura

127 2251 293 2294 dicens:
315 2255 352 2293 et
373 2252 484 2293 dixit
505 2264 604 2293 rex:
634 2255 764 2293 morte
785 2253 992 2305 morieris,
1016 2254 1269 2308 Abimelech,
1302 2258 1338 2297 et
1368 2258 1414 2296 tu
1434 2258 1473 2296 et
1492 2257 1630 2297 omnis

125 2320 272 2362 domus
295 2321 440 2374 patris
470 2321 547 2374 tui,
581 2322 623 2362 et
653 2320 781 2362 infra:
813 2324 850 2362 et
869 2322 981 2363 dixit
1001 2336 1075 2364 rex
1094 2324 1337 2365 cursoribus
1357 2327 1395 2365 et
1415 2324 1626 2365 stantibus

74 2401 107 2426 so
124 2389 229 2431 sibi:
259 2390 454 2432 adducite
485 2393 521 2430 et
552 2390 725 2432 occidite
764 2390 996 2432 sacerdotes
1025 2391 1200 2444 domini,
1239 2394 1442 2445 quoniam
1474 2405 1629 2433 manus

124 2471 266 2499 eorum
282 2471 376 2499 cum
392 2457 543 2500 Dauid
563 2461 634 2507 est,
651 2460 856 2511 quoniam
878 2463 1160 2513 coqnouerant
1175 2461 1286 2514 quod
1302 2460 1454 2502 Dauid
1469 2460 1630 2514 fuqeret

124 2530 160 2567 ct
190 2539 274 2567 non
304 2527 650 2579 decooperuerunt
682 2541 829 2568 aurem
858 2541 1006 2569 meam.
1038 2531 1076 2569 et
1107 2529 1336 2571 noluerunt
1361 2530 1484 2582 pueri
1517 2530 1626 2583 rcyis

124 2594 307 2647 ‘inyerere
338 2608 492 2635 manus
522 2608 623 2635 suas
654 2595 858 2636 aduersus
890 2596 1122 2637 sacerdotes
1151 2597 1325 2637 domini.

260 2695 280 2729 8
306 2695 321 2729 1
346 2695 428 2739 ch.
458 2696 511 2735 19,
537 2696 660 2731 8-12,
690 2697 730 2731 18
827 2697 868 2730 18
894 2696 938 2730 ib.
957 2697 1013 2737 20,
1039 2697 1083 2731 30
1179 2699 1220 2732 19
1245 2698 1292 2732 ib.
1317 2699 1373 2740 20,
1400 2699 1535 2733 31-33

124 2752 167 2785 28
193 2750 239 2785 ib.
264 2751 319 2791 22,
349 2753 390 2787 16
483 2752 527 2786 29
553 2753 599 2787 ib.
625 2753 680 2793 22,
710 2754 750 2787 17

191 2832 211 2865 5
236 2832 456 2867 innocentem
482 2844 547 2868 om.
575 2845 593 2868 v
733 2834 899 2879 occidere]
927 2835 979 2868 uis
1005 2835 1092 2869 add.
1126 2836 1157 2869 V
1185 2847 1212 2869 s.
1246 2835 1267 2870 I.
1294 2847 1337 2870 m.
1363 2847 1430 2870 rec.
1457 2840 1491 2869 et
1519 2847 1535 2867 r

123 2889 162 2922 21
191 2889 355 2923 morietur
379 2901 399 2924 i·
536 2890 580 2923 24
613 2890 668 2924 dei
695 2891 782 2925 add.
818 2903 858 2925 m.
893 2902 961 2926 rec.
995 2892 1033 2925 in
1068 2903 1133 2937 my.
1272 2891 1317 2926 28
1350 2892 1536 2927 acimelech

123 2944 163 2978 31
191 2945 290 2980 dauit
315 2950 368 2980 est
392 2959 435 2981 m.
464 2951 480 2981 1
