1934 3278
369 264 400 292 11

372 373 423 414 ad
454 372 691 413 Luciferum
722 367 976 422 pertinerent
1005 367 1202 408 inessent.
1243 366 1315 408 ille
1339 379 1438 408 uero
1462 367 1649 409 codicem
1674 379 1782 409 saec.
1806 368 1864 409 XI

372 441 454 483 foll.
490 440 570 482 185
609 437 773 491 praeter
814 435 1007 478 Iohannis
1050 434 1213 476 diaconi
1256 435 1554 489 expositionem
1594 437 1636 476 in
1670 436 1867 478 Genesim

370 509 555 561 aliosque
601 504 873 548 Pentateuchi
925 503 1054 545 libros
1110 503 1334 556 quicquam
1392 504 1603 546 continere
1653 504 1724 545 aut
1770 505 1867 546 olim

371 578 490 630 plura
521 574 772 617 continuisse
803 572 1004 614 indicium
1036 571 1167 613 ullum
1197 572 1390 614 relictum
1424 585 1516 614 esse
1548 573 1730 627 negauit.
1773 586 1868 614 nam

375 645 485 699 quod
528 645 568 685 in
608 643 676 684 fol.
713 643 750 683 1¹·
780 640 987 682 inuenitur
1034 639 1252 681 decretum
1297 640 1525 682 Presbiterz'
1569 642 1642 694 qui
1688 641 1866 682 inmola-

374 717 522 755 aarum
553 716 588 754 et
612 715 759 764 postca
788 711 940 751 iterum
971 712 1180 751 certamen
1217 710 1409 751 exierunt
1439 733 1495 741 -
1525 709 1597 752 hoc
1629 713 1768 751 autem
1800 710 1868 751 ob—

371 783 538 825 seruari
578 780 775 823 conuenit
812 781 849 820 ct
879 777 928 819 de
957 777 1121 819 clericis
1151 780 1188 819 et
1217 778 1267 820 de
1308 778 1496 820 omnibus
1538 778 1680 829 laicis,
1722 779 1870 831 quibus

372 864 518 892 manus
551 850 682 891 altera
713 848 773 890 Sti
801 847 1008 890 Germani
1039 861 1067 888 a
1096 846 1245 888 Pratis
1275 860 1317 888 n.
1340 849 1429 888 838
1461 847 1502 888 et
1531 846 1657 888 tertia
1687 847 1789 889 olim
1817 851 1871 890 60

375 918 626 968 adiecerunt,
661 917 714 958 ad
744 929 832 957 rem
863 915 966 956 nihil
998 914 1226 956 conferunt.

428 999 573 1052 Neque
591 998 633 1039 in
652 998 742 1050 ipso
763 996 869 1038 libro
891 995 1131 1048 Reginensi‚
1156 1008 1280 1048 quem
1304 995 1402 1037 dum
1423 997 1526 1038 haec
1550 997 1766 1038 conscribo
1788 997 1871 1037 ite-

372 1081 464 1109 rum
484 1068 535 1108 H.
561 1066 619 1108 St.
644 1065 939 1119 Sedlmayerus
963 1064 1097 1105 denuo
1121 1065 1359 1106 accuratius
1382 1065 1647 1115 examinauit‚
1674 1065 1872 1119 pristinae

377 1136 544 1189 originis
576 1134 663 1176 ulla
693 1133 810 1175 certa
839 1132 995 1173 indicia
1024 1132 1175 1174 relicta
1206 1133 1303 1174 sunt
1321 1135 1369 1186 ¹),
1412 1134 1458 1174 ut
1489 1134 1738 1176 coniecturis
1771 1146 1872 1175 con-

375 1204 481 1246 tenti
502 1216 636 1257 neque
660 1215 707 1244 ex
730 1201 955 1255 Reginensi
978 1201 1123 1242 codice
1147 1201 1314 1242 saeculo
1339 1201 1559 1244 undecimo
1578 1203 1873 1245 Corbeiensem

375 1272 629 1326 descriptum
662 1271 786 1324 atque
820 1282 915 1311 cum
938 1270 1133 1312 Iohannis
1167 1269 1331 1312 diaconi
1354 1272 1607 1325 expositione
1638 1284 1718 1313 uno
1750 1271 1873 1313 uolu-

373 1342 482 1383 mine
530 1340 794 1382 coniunctum
843 1351 934 1380 esse
979 1351 1052 1392 pro
1099 1339 1212 1381 certo
1260 1339 1466 1381 affirmare
1513 1353 1647 1393 neque
1692 1339 1872 1382 Luciferi

375 1410 562 1451 codicem
595 1421 704 1450 saec.
736 1408 809 1459 IX,
854 1407 924 1461 qui
965 1419 1072 1448 nunc
1113 1407 1155 1448 in
1186 1407 1412 1461 Reginensi
1448 1408 1704 1450 bibliotheca
1737 1421 1874 1451 asser-

375 1479 510 1529 uatur,
544 1491 638 1519 cum
669 1477 902 1518 recentiore
923 1476 1120 1518 Iohannis
1150 1476 1256 1519 libro
1287 1477 1327 1518 in
1359 1478 1613 1520 bibliotheca
1636 1479 1876 1521 Corbeiensi

376 1561 503 1589 unum
546 1547 739 1588 uolumen
774 1545 1018 1596 confecisse,
1063 1545 1213 1586 deinde
1243 1546 1283 1586 in
1318 1546 1552 1588 Christinae
1583 1547 1753 1600 reginae
1785 1547 1875 1590 col-

376 1617 599 1658 lectionem
641 1616 681 1657 et
721 1628 815 1657 cum
848 1628 897 1656 ea
927 1615 968 1656 in
1000 1615 1250 1656 Vaticanam
1281 1616 1520 1668 peruenisse
1553 1629 1706 1670 negare
1738 1617 1875 1670 possi-

376 1698 480 1726 mus.
535 1685 688 1726 Tilium
721 1684 833 1725 certe
874 1684 1077 1725 Vaticano
1112 1684 1335 1737 exemplari
1380 1697 1502 1726 usum
1535 1697 1625 1726 esse
1656 1686 1875 1727 uerborum

377 1754 642 1806 plenissimus
674 1765 899 1794 consensus
933 1753 1057 1805 atque
1091 1765 1253 1794 summa
1292 1754 1335 1794 in
1377 1754 1583 1795 erroribus
1615 1755 1876 1808 grauissimis

378 1822 642 1875 minimisque
675 1822 897 1864 concordia
929 1821 1197 1870 confirmant3
1232 1822 1470 1876 discrepant
1499 1822 1663 1863 tantum
1690 1835 1738 1863 ea
1770 1836 1877 1876 quae

379 1891 652 1932 describentis
697 1890 1029 1944 imprimentisue
1074 1891 1235 1931 incuria
1281 1891 1352 1932 aut
1393 1903 1494 1932 cura
1526 1891 1658 1932 obiter
1691 1891 1878 1933 adhibita

382 1960 540 2002 edentis
580 1960 735 2001 mutari
777 1960 922 2001 solent.
975 1959 1162 2012 religiosi
1199 1960 1307 2001 enim
1338 1959 1418 2000 uiri
1449 1972 1528 2000 non
1559 1960 1646 2000 tam
1677 1959 1878 2001 intererat

380 2028 477 2081 quid
528 2029 567 2069 in
616 2028 799 2070 oratione
848 2040 927 2070 non
973 2028 1110 2069 minus
1156 2028 1240 2069 stili
1285 2028 1468 2070 tenebris
1519 2041 1643 2081 quam
1695 2040 1875 2070 errorum

379 2098 554 2139 nubibus
607 2098 784 2139 obscura
834 2096 875 2138 et
937 2096 1097 2137 difficili
1158 2096 1418 2137 emendanda
1470 2097 1557 2137 arte
1611 2096 1652 2137 et
1702 2097 1877 2137 eruditi-

384 2178 458 2206 one
498 2166 661 2207 ualeret
703 2166 1001 2215 demonstrare,
1045 2179 1169 2218 quam
1205 2165 1417 2218 religionis
1450 2177 1746 2218 sacrorumque
1777 2178 1877 2207 con-

384 2234 587 2276 dicionem
619 2247 725 2287 quae
756 2234 846 2275 tum
883 2234 922 2275 in
958 2233 1097 2276 Gallia
1139 2234 1229 2276 erat
1269 2246 1365 2274 cum
1403 2233 1585 2274 Luciferi
1623 2234 1879 2287 temporibus

381 2315 621 2356 comparare
655 2303 778 2356 atque
807 2303 893 2344 suis
917 2302 1091 2344 animosi
1113 2302 1360 2344 confessoris
1383 2302 1616 2355 exemplum
1637 2314 1877 2355 proponere,

383 2371 451 2424 qui
495 2371 752 2424 serpentem,
794 2372 978 2413 belluam
1013 2372 1053 2412 et
1084 2371 1429 2413 immanissimam
1472 2371 1616 2421 feram,
1657 2371 1877 2419 latronem,

519 2519 544 2563 1)
572 2519 687 2554 Codex
712 2521 848 2564 signum
876 2524 917 2555 75
944 2521 990 2555 N.
1018 2521 1072 2565 P„
1105 2522 1198 2554 cuius
1225 2521 1338 2556 Coleti
1370 2521 1581 2554 mentionem
1613 2520 1769 2555 fecerunt
1799 2531 1880 2564 prae

384 2586 418 2608 se
443 2575 510 2608 fert
537 2577 572 2609 et
596 2577 629 2609 in
656 2577 714 2611 fol.
735 2579 765 2610 Γ
783 2578 955 2622 superiore
973 2580 1070 2622 parte
1090 2589 1109 2612 a
1127 2578 1247 2612 dextra
1263 2579 1428 2622 scriptum
1446 2579 1516 2611 est:
1540 2578 1712 2612 Volumen
1732 2579 1847 2612 LXX
1855 2580 1881 2612 1⁷

387 2632 470 2665 Non
499 2633 754 2669 Petammum.
794 2636 1058 2679 quaternionum
1089 2636 1189 2680 signa
1220 2647 1279 2669 suo
1310 2637 1385 2670 loco
1417 2636 1534 2680 posita
1564 2638 1656 2676 sunt,
1691 2635 1758 2669 nisi
1792 2636 1881 2679 quod

385 2699 432 2722 nr.
458 2688 545 2722 XII
574 2689 610 2723 in
636 2689 696 2724 fol.
721 2692 779 2724 94v
804 2703 872 2726 non
897 2694 936 2726 ut
962 2693 1216 2737 cxspectaueris
1244 2693 1279 2726 in
1303 2692 1362 2727 fol.
1388 2693 1446 2726 96v
1471 2692 1656 2735 inuenitur,
1687 2693 1880 2736 postremus

385 2756 464 2779 uero
501 2757 660 2780 numerus
696 2748 799 2782 XXI
835 2750 869 2782 in
906 2750 1073 2785 fol.166v
1111 2751 1263 2785 euanuit.
1305 2750 1453 2784 fortasse
1490 2750 1534 2784 ad
1570 2748 1697 2783 codicis
1732 2750 1881 2793 patriam

385 2813 508 2846 eosque
535 2814 674 2847 quorum
700 2805 736 2838 in
760 2808 977 2849 possessione
1005 2810 1080 2842 erat
1105 2820 1146 2842 ea
1170 2807 1405 2852 pertinebant,
1437 2819 1522 2852 quae
1551 2808 1587 2841 in
1605 2809 1779 2850 postremo
1800 2807 1882 2841 folio

387 2858 475 2892 infra
499 2859 690 2895 Vaticanae
715 2861 950 2898 bibliothecae
976 2866 1126 2909 sigillum
1153 2865 1269 2900 deleta
1293 2868 1383 2900 sunt.
