1934 3278
300 253 357 295 94
959 248 1149 282 Luciferi

360 377 470 418 XVI.
504 377 618 417 Haec
652 375 807 416 ideirco
840 374 985 423 indidi,
1026 375 1072 414 ut
1106 374 1276 414 tandem
1315 386 1458 426 posses
1499 374 1701 422 conicere,
1743 373 1799 414 sie

302 447 343 486 te
378 445 465 486 siue
499 445 773 486 Athanasium
807 443 895 484 siue
928 455 1000 484 nos
1032 443 1183 484 iniuste
1212 443 1418 495 persequi,
1452 443 1574 483 81818
1598 442 1803 484 stimulari

304 514 343 554 in
374 515 472 554 tuae
514 514 660 555 salutis
699 525 857 553 necem.
902 512 959 552 sic
1001 511 1166 553 tibimet
1204 511 1349 552 mortis
1390 511 1499 563 apud
1542 511 1803 551 diuinitatem

304 583 547 624 contrahere
581 581 778 634 pericula,
812 581 858 621 ut
891 580 970 621 sibi
1001 593 1072 632 per
1111 581 1212 621 haec
1248 592 1353 632 quae
1388 580 1519 632 egerit
1551 579 1804 621 contraxerit

306 651 416 692 Saul.
468 652 500 692 si
532 652 632 691 haec
667 662 745 690 non
777 649 837 689 ita
868 649 975 698 sunt,
1012 649 1074 689 dic
1109 661 1181 689 8111·
1213 661 1285 689 1108
1325 648 1608 701 persequaris;
1656 659 1803 700 nempe
1841 664 1856 688 5

305 721 402 773 quia
424 732 503 760 non
526 719 748 759 fundamus
772 717 1017 770 sanguinem
1039 717 1314 758 innocentem.
1350 730 1473 769 quem
1495 716 1557 758 uis
1579 716 1803 765 imitemur,

304 789 397 830 tene
433 788 503 829 aut
533 787 696 829 Dauid?
746 787 795 827 de
827 786 965 827 Dauid
998 786 1105 826 8111111
1138 786 1338 838 scriptum
1369 785 1555 826 inuenio:
1589 788 1625 826 et
1655 783 1805 825 Dauid

306 858 503 910 reynam't
534 857 581 896 in
615 855 766 904 Israel,
814 858 851 895 et
883 858 976 896 erat
1012 855 1172 907 faciens
1210 855 1417 896 iudicium
1449 857 1488 895 et
1517 854 1728 894 &aetitiam
1758 854 1806 893 in

303 929 381 966 toto
409 925 563 977 populo
595 937 691 976 sum·
720 924 762 964 te
794 935 894 963 uero
930 935 1020 964 esse
1043 922 1250 963 cernimus
1271 923 1471 963 iniustum
1492 922 1688 971 iudicem,
1713 921 1804 962 cul-

303 995 438 1035 torum
479 993 544 1034 dei
577 992 904 1034 interfectorem.
967 1004 1038 1033 cur
1082 1004 1154 1032 nos
1193 992 1483 1044 persequeris?
1529 1004 1676 1044 nempe
1710 990 1859 1043 quiam

306 1062 571 1110 noluerimus,
606 1063 651 1102 ut
681 1063 727 1102 tu
761 1074 817 1111 es,
850 1061 940 1102 fieri
974 1061 1202 1113 apostatae,
1237 1061 1333 1113 quia
1354 1060 1607 1101 noluerimus
1638 1059 1806 1100 unicum

305 1130 371 1171 dei
413 1143 564 1184 negare
603 1131 748 1171 filium.
809 1130 947 1171 Dauid
987 1130 1093 1171 liber
1134 1131 1174 1171 et
1212 1130 1444 1171 trinitatem
1485 1130 1668 1182 loquitur
1709 1142 1805 1182 per-

305 1199 457 1240 fectam
505 1201 545 1240 et
586 1212 710 1240 unam
751 1200 891 1240 narrat
932 1199 1132 1240 deitatem
1180 1199 1309 1251 patris
1351 1199 1391 1239 et
1441 1198 1516 1239 filii
1558 1199 1599 1240 et
1640 1198 1807 1251 spiritus

306 1268 460 1316 sancti·,
496 1269 537 1308 et
567 1269 611 1308 tu
647 1281 737 1309 esse
768 1268 967 1309 inueniris
1003 1268 1204 1320 apostata.
1259 1280 1394 1320 quem,
1427 1268 1609 1320 inquam,
1644 1279 1805 1319 sequar.

305 1336 399 1377 tene
413 1349 462 1377 811
474 1336 639 1377 Dauid?
657 1337 829 1378 illumne
843 1337 1046 1377 cultorem
1066 1337 1233 1386 domini,
1254 1336 1563 1378 misericordiae
1579 1337 1807 1377 amatorem
1828 1347 1857 1371 1⁵

306 1417 356 1445 an
373 1406 414 1445 te
435 1405 699 1458 sacrilegum,
723 1405 960 1446 carnificem
974 1409 992 1446 Ρ
1024 1406 1142 1447 8111118
1160 1406 1388 1458 sapientiae
1406 1406 1528 1446 homo
1545 1406 1806 1458 persequeris

307 1473 609 1514 Athanasium?
641 1474 814 1515 mirarer
846 1474 886 1515 te
920 1475 1021 1515 haec
1057 1486 1193 1527 agere,
1227 1474 1261 1515 si
1292 1487 1371 1516 non
1405 1474 1446 1515 et
1479 1474 1622 1515 Achab
1654 1486 1725 1514 rex
1748 1473 1805 1514 sie

307 1542 472 1583 Heliam
498 1543 538 1583 et
560 1544 721 1584 ceteros
747 1542 900 1583 domini
923 1543 1144 1595 prophetas
1166 1543 1315 1583 fuisset
1336 1543 1601 1595 persecutus,
1634 1542 1807 1583 mirarer

305 1610 346 1650 te
379 1611 571 1664 persequi
606 1612 672 1652 dei
704 1612 926 1659 hominem,
970 1611 1003 1652 si
1045 1624 1122 1652 non
1162 1611 1202 1652 in
1237 1612 1425 1653 omnibus
1465 1611 1505 1652 te
1539 1611 1682 1652 Achab
1717 1624 1806 1652 esse

306 1692 533 1720 cernerem.
570 1680 746 1732 denique
777 1680 881 1720 talia
910 1680 988 1722 tibi
1021 1680 1212 1721 dicuntur
1246 1693 1269 1721 a
1300 1680 1431 1728 nobis,
1466 1680 1606 1733 qualia
1639 1679 1762 1720 811111
1786 1693 1809 1720 a
1828 1690 1860 1714 20

312 1748 378 1789 dei
412 1749 525 1790 dicta
558 1750 639 1791 sint
664 1750 924 1791 domesticis:
957 1750 1048 1791 noli
1070 1750 1190 1792 Baal
1216 1750 1355 1801 colere,
1383 1750 1471 1791 noli
1492 1749 1615 1791 idolis
1636 1750 1806 1800 seruire,

305 1817 374 1858 sed
405 1818 502 1869 (Za),-
532 1818 646 1858 serui
677 1819 750 1859 deo
782 1818 988 1868 Abrahae,
1020 1820 1093 1860 (leo
1126 1818 1265 1863 Isaac.
1309 1819 1381 1860 deo
1413 1818 1551 1868 Iacob,
1593 1819 1704 1858 serm]
1735 1818 1807 1859 deo

309 1887 460 1927 Israel.
496 1887 529 1927 si
560 1886 662 1927 talia
693 1887 918 1927 meministi
953 1887 1104 1928 dixisse
1136 1887 1304 1928 Heliam
1338 1888 1379 1928 et
1401 1888 1564 1928 ceteros
1588 1887 1809 1939 prophetas

308 1954 463 1995 domini
497 1955 549 1995 ad
581 1956 723 1996 Achab
758 1956 990 2008 apostatam
1030 1968 1186 2008 regem,
1238 1956 1410 1996 aduerte
1451 1955 1604 1997 similia
1642 1956 1718 1997 tibi
1760 1957 1808 1997 ab

309 2023 381 2070 818,
416 2024 564 2075 quibus
599 2023 774 2064 docendi
807 2024 969 2064 dederit
1002 2024 1294 2065 auctoritatem
1329 2024 1531 2073 dominus,
1566 2024 1658 2065 dici.
1713 2024 1808 2073 noli,
1830 2030 1861 2054 25

309 2091 539 2141 Constanti,
564 2105 657 2132 811111
681 2093 866 2133 Arrianis
893 2105 1077 2145 pugnare
1109 2093 1254 2133 contra
1278 2093 1343 2134 dei
1367 2093 1548 2141 domum,
1574 2093 1656 2134 noli
1679 2093 1808 2134 idolo-

307 2159 473 2200 latriam
507 2161 614 2201 Arrii
655 2161 920 2202 introducere
960 2161 1000 2201 in
1043 2162 1278 2211 ecclesiam,
1327 2162 1409 2202 noli
1450 2174 1602 2214 negare
1642 2162 1809 2202 unicum

308 2228 440 2268 filium
483 2228 568 2279 dei,
619 2229 759 2270 desine
807 2230 998 2282 persequi
1040 2230 1311 2282 apostolicam
1354 2231 1477 2283 atque
1522 2230 1809 2283 euangelicam

308 2297 446 2337 fidem.
471 2298 572 2338 haec
593 2298 689 2350 quia
712 2298 913 2348 dicamus,
936 2299 1126 2339 uidemur
1150 2312 1240 2340 esse
1261 2299 1338 2340 tibi
1360 2299 1528 2340 inimici.
1563 2299 1620 2340 sic
1643 2299 1810 2339 1118111111

307 2366 397 2418 regi
428 2379 528 2407 uera
560 2366 637 2408 sibi
670 2367 855 2407 dicentes
886 2367 1054 2408 inimici.
1088 2380 1378 2420 percurramus
1404 2367 1580 2420 denique
1605 2380 1809 2420 quaenam
1829 2370 1862 2395 30

308 2435 460 2475 fuerint
501 2437 602 2484 orta,
647 2449 751 2488 quae
792 2436 905 2477 sacta
946 2436 1053 2477 inter
1084 2437 1251 2477 Heliam
1291 2436 1444 2478 domini
1483 2436 1726 2489 prophetam
1770 2436 1810 2476 et

446 2594 464 2626 7
491 2593 523 2626 Π
548 2594 629 2638 Reg.
656 2594 687 2633 8,
717 2595 757 2627 15

379 2728 398 2760 2
426 2728 631 2762 mstiniulari
667 2731 701 2765 V,
729 2730 889 2764 famulari
918 2743 933 2765 r
1027 2731 1047 2764 3
1066 2733 1149 2774 aput
1177 2743 1218 2765 m.
1240 2734 1255 2764 l
1351 2732 1371 2763 4
1399 2732 1508 2775 egeris
1604 2732 1621 2764 7
1649 2731 1691 2765 de
1710 2732 1809 2766 dauit

309 2807 353 2830 m.
380 2800 397 2829 1
518 2797 554 2829 11
585 2780 790 2832 118111811111118
920 2799 960 2832 17
988 2799 1077 2832 ahab
1201 2798 1239 2831 21
1269 2798 1373 2832 bahal
1484 2799 1526 2833 22
1553 2777 1717 2834 d5abraae

310 2852 351 2885 26
378 2852 575 2886 idolatriam
602 2865 642 2887 m.
669 2858 687 2888 Ι
