1934 3278
548 289 601 324 De
626 290 748 323 sancto
771 287 966 323 Athanasio
992 287 1080 322 liber
1106 288 1145 322 Π.
1519 288 1596 333 177

100 418 140 459 in
163 417 230 459 dei
253 415 484 464 sacerdote,
507 415 583 457 sed
604 414 736 457 solam
757 413 973 462 iustitiam,
996 413 1072 455 sed
1093 413 1225 456 solam
1248 413 1315 455 dei
1334 415 1592 468 religionem,

98 486 290 539 superest
308 485 356 526 ut
378 485 511 526 adhuc
542 483 689 526 uideas
719 496 794 526 nos
824 495 927 537 quos
948 483 1181 525 hortabaris
1202 483 1446 525 innocentes
1466 484 1593 525 inter-

98 555 222 597 ficere
254 554 400 608 quales
433 565 524 595 esse
555 552 724 595 iusserit
753 552 866 594 circa
895 563 1119 594 conserues
1150 552 1312 594 nostros
1341 551 1422 594 iste
1443 553 1592 594 beatus

100 623 312 678 apostolus
343 623 569 664 Iohannes:
615 621 688 663 ille
720 624 897 675 propter
936 633 1013 663 nos
1052 621 1245 663 animam
1281 634 1405 662 suam
1427 622 1587 675 posuit,

65 702 81 728 ⁵
97 696 134 735 et
163 705 241 735 nos
268 692 458 735 debemus
481 704 564 744 pro
592 691 803 745 fratribus
832 691 1004 732 animas
1032 693 1203 732 nostras
1214 703 1384 744 ponere.
1417 690 1468 733 ab
1489 702 1593 744 apo-

98 761 205 804 stolo
235 761 380 802 iubeor
421 759 603 801 animam
643 771 795 813 ponere
834 771 907 812 pro
945 758 1084 809 fratre,
1132 758 1174 800 et
1212 770 1237 800 a
1272 758 1316 800 te
1355 758 1585 801 antichristi

96 829 303 883 mancipio
334 828 587 882 praecipitur
607 828 709 870 mihi
732 828 902 870 fratrem
923 827 1173 870 interimere.
1215 827 1257 869 et
1279 827 1445 878 iterum,
1475 829 1589 881 fidu-

97 900 222 952 ciam,
254 898 401 952 inquit,
434 898 661 940 habeamus
691 898 748 939 ad
772 898 909 950 deum,
942 901 979 939 et
999 898 1199 950 quicquid
1215 897 1462 950 petierimus
1481 897 1592 939 acci-

89 968 260 1021 piemus
282 967 333 1009 ab
353 981 409 1019 eo,
433 968 635 1021 quoniam
655 966 865 1009 mandata
883 967 1151 1022 custodimus,
1183 969 1223 1008 et
1241 979 1348 1019 quae
1367 967 1405 1007 ei
1416 967 1595 1019 placent

47 1048 79 1073 ιο
97 1039 193 1078 ante
223 1038 484 1089 conspectum
523 1036 613 1078 eius
650 1035 861 1088 faciamus
899 1036 948 1076 in
986 1036 1156 1077 nomine
1193 1035 1276 1089 filii
1315 1035 1451 1088 ipsius
1490 1034 1588 1078 Iesu

98 1104 261 1148 Christi
289 1108 325 1146 et
354 1117 540 1147 amemus
569 1117 645 1146 nos
673 1105 868 1155 inuicem,
900 1105 1007 1147 sicut
1036 1104 1154 1146 dedit
1181 1105 1434 1147 mandatum
1462 1105 1593 1146 uobis.

97 1172 172 1216 sed
202 1172 409 1226 quomodo
447 1172 590 1226 potero
630 1172 764 1214 audiri
804 1173 854 1215 ab
887 1185 935 1215 eo
966 1173 1006 1214 in
1038 1173 1149 1214 omni
1182 1173 1482 1223 obsecratione,
1522 1170 1591 1226 qui

97 1242 175 1284 sim
206 1255 285 1283 non
317 1254 490 1284 seruans
520 1241 765 1284 mandatum
797 1242 917 1284 eius?
976 1242 1022 1282 ut
1062 1242 1170 1283 enim
1211 1241 1385 1296 diligam
1422 1241 1592 1283 fratrem

95 1323 235 1352 meum
266 1310 366 1352 mihi
397 1310 627 1360 mandauit,
660 1323 738 1352 non
769 1310 817 1351 ut
846 1310 1095 1352 interimam.
1131 1310 1173 1352 et
1202 1310 1328 1352 infra:
1368 1311 1595 1365 carissimi,

47 1395 79 1421 ιε
96 1392 281 1422 amemus
302 1392 376 1421 ‘nos
397 1381 661 1434 alterutrum,
683 1379 888 1432 quoniam
908 1379 1069 1421 caritas
1088 1393 1138 1420 ex
1159 1380 1232 1421 deo
1253 1383 1324 1421 est.
1357 1379 1398 1420 et
1418 1379 1591 1421 iterum:

95 1449 341 1502 quicumque
384 1461 469 1490 non
512 1448 657 1502 diliqit
700 1448 879 1501 fratrem
923 1461 1010 1490 non
1054 1449 1175 1490 uouit
1212 1448 1347 1500 deum,
1393 1449 1593 1502 quoniam

95 1517 195 1559 deus
224 1519 384 1561 caritas
413 1521 483 1561 est.
544 1531 595 1560 ex
623 1518 697 1560 hoc
727 1517 945 1560 declarata
983 1521 1042 1560 est
1079 1518 1242 1560 caritas
1280 1518 1349 1560 dei
1383 1518 1433 1560 in
1462 1518 1590 1571 nobis,

95 1587 298 1638 quoniam
318 1587 458 1640 filium
478 1600 603 1630 suum
622 1588 740 1629 misit
763 1588 864 1629 deus
884 1587 1059 1630 unicum
1080 1588 1128 1628 in
1148 1588 1374 1637 saeculum,
1398 1590 1447 1628 ut
1465 1589 1594 1629 uiua-

96 1668 190 1696 mus
214 1669 294 1708 per
323 1670 429 1698 eum.
463 1657 511 1698 in
540 1656 612 1698 hoc
641 1659 702 1699 est
729 1657 904 1710 caritas,
941 1669 1029 1698 mm
1058 1657 1168 1710 quod
1198 1669 1275 1699 nos
1304 1656 1593 1698 amauerimus

45 1737 79 1763 ιο
96 1723 231 1778 deum,
276 1725 347 1766 sed
388 1725 499 1778 quod
529 1725 620 1778 ipse
657 1725 871 1767 amauerit
908 1738 986 1767 nos
1023 1728 1060 1767 et
1098 1726 1266 1767 miserit
1302 1725 1442 1779 filium
1471 1737 1594 1767 suum

97 1793 356 1844 expiatorem
378 1797 652 1846 peccatorum
682 1797 936 1837 nostrorum.
967 1794 1194 1849 carissimi,
1224 1795 1265 1836 si
1294 1807 1389 1848 erqo
1412 1794 1473 1836 sic
1493 1794 1592 1836 deus

97 1862 266 1902 amauit
296 1875 386 1917 uos,
419 1866 456 1904 et
487 1876 564 1905 nos
587 1863 778 1905 debemus
809 1862 1059 1905 alterutrum
1089 1876 1246 1905 amare.
1281 1863 1323 1904 et
1350 1863 1524 1905 iterum:
1554 1862 1592 1904 si

95 1929 190 1982 quis
219 1930 322 1972 dicit
352 1932 457 1984 quia
485 1931 630 1985 diliyit
659 1932 781 1973 deum
819 1934 859 1974 et
893 1932 1071 1985 fratrem
1108 1945 1232 1974 suum
1269 1933 1368 1983 odit,
1407 1932 1592 1974 mendax

96 2000 168 2041 est.
198 1999 272 2051 qui
301 2002 441 2042 autem
470 2000 648 2053 fratrem
668 2014 793 2042 suum
813 2014 898 2044 uon
919 2004 1049 2052 amat,
1080 2002 1203 2043 deum
1233 2015 1353 2055 quem
1373 2014 1459 2043 non
1478 2000 1590 2042 uidit

47 2076 80 2104 ²⁵
97 2079 184 2108 non
204 2070 340 2120 potest
370 2082 528 2112 amare.
560 2070 603 2111 et
623 2069 795 2111 iterum:
825 2069 899 2111 hoc
927 2070 1180 2112 mandatum
1200 2070 1397 2112 habemus
1417 2070 1469 2112 ab
1487 2070 1591 2123 ipso,

97 2138 144 2177 ut
168 2137 243 2189 qui
271 2140 392 2179 amat
420 2137 542 2180 deum
572 2141 680 2180 amet
709 2141 746 2180 et
775 2138 954 2191 fratrem
983 2151 1118 2182 suum.
1168 2138 1210 2180 et
1238 2138 1411 2180 iterum:
1441 2152 1492 2180 ex
1519 2138 1593 2180 hoc

95 2204 394 2260 intelleyimus,
410 2207 615 2260 quoniam·
628 2220 822 2249 amamus
835 2208 951 2261 filios
966 2207 1047 2258 dei,
1068 2207 1240 2261 quando
1257 2209 1380 2250 deum
1395 2219 1591 2249 amamus

97 2275 134 2314 et
163 2274 373 2316 mandata
392 2275 529 2328 ipsius
549 2275 746 2328 facimus.
779 2275 878 2318 haec
896 2278 955 2318 est
974 2276 1089 2318 euim
1107 2276 1268 2318 caritas
1297 2276 1378 2327 dei,
1407 2279 1446 2318 et
1465 2288 1590 2317 man-

96 2340 200 2384 data
229 2343 367 2395 ipsius
393 2344 552 2397 yrauia
580 2357 666 2386 uon
695 2347 807 2386 sunt.

231 2467 253 2501 4
277 2467 294 2502 1
318 2467 389 2504 Ioh.
414 2468 447 2510 3,
476 2469 517 2503 16
635 2470 653 2503 7
680 2469 728 2505 ib.
751 2469 785 2510 3,
810 2469 946 2505 21—‘23
1074 2469 1116 2505 14
1139 2469 1187 2505 ib.
1211 2470 1244 2509 4,
1272 2470 1292 2503 7
1416 2469 1459 2504 16
1482 2467 1530 2503 ib.
1555 2466 1591 2509 4,

97 2520 205 2556 8-11
301 2526 345 2559 22
369 2525 415 2560 ib.
440 2527 473 2566 4,
500 2525 545 2559 20
637 2526 681 2560 25
707 2525 754 2562 ib.
778 2526 810 2567 4,
836 2526 877 2560 21
973 2525 1016 2560 26
1043 2527 1087 2560 ib.
1114 2528 1147 2566 5,
1173 2526 1203 2561 2.
1229 2526 1252 2560 3

167 2663 182 2697 1
211 2662 425 2698 sacerdotem
450 2674 493 2698 m.
522 2667 540 2698 1
662 2663 685 2698 2
709 2663 881 2698 ortabaris
908 2675 950 2698 m.
976 2668 996 2698 1
1124 2662 1145 2696 3
1171 2643 1319 2708 quale'(·
1343 2674 1387 2698 m.
1412 2664 1498 2706 rec.)

98 2719 119 2753 8
143 2719 262 2765 inquid
403 2721 441 2754 11
470 2720 610 2765 Christi]
644 2723 680 2755 et
703 2720 767 2755 hoc
793 2722 847 2754 est
871 2719 1078 2754 mandatum
1111 2720 1185 2754 eius
1216 2722 1255 2754 ut
1288 2719 1467 2754 credamus
1499 2718 1586 2754 aad.

98 2787 280 2824 Latinius
385 2790 427 2824 16
450 2789 595 2824 fratrem
620 2799 701 2834 exp.
726 2789 908 2823 Latinius
1017 2788 1058 2822 18
1084 2766 1120 2842 {t
1146 2789 1182 2830 ('¹‘
1204 2799 1249 2824 m.
1276 2789 1362 2832 rec.)
1485 2788 1530 2822 22
1554 2790 1589 2821 et

98 2854 161 2879 noe
190 2845 229 2888 V,
253 2856 315 2880 nos
339 2847 376 2881 et
398 2858 420 2881 v
557 2846 602 2881 24
626 2845 722 2881 uidet
747 2846 928 2881 Latinius
1078 2846 1123 2879 26
1148 2845 1199 2889 ex]
1226 2845 1389 2889 quoniam
1413 2855 1454 2879 ex
1479 2856 1501 2880 v

98 2898 143 2934 28
166 2899 233 2945 dei]
259 2903 299 2935 ut
323 2901 491 2937 mandata
515 2902 588 2937 eius
612 2902 846 2937 custodiamus
871 2902 959 2937 add.
986 2901 1166 2936 Latinius
1190 2901 1279 2944 sort.
1302 2905 1400 2938 recte

168 2965 276 3004 XIIII.
1412 2968 1456 3003 12
