1934 3278
626 284 679 318 De
705 286 825 318 sancto
852 284 1045 319 Athanasio
1070 284 1160 320 liber
1183 285 1208 320 Ι.
1612 290 1667 332 69

166 413 340 455 iubebas
363 411 551 453 damnari
582 423 606 452 a
630 412 760 463 nobis,
794 425 888 453 cum
921 413 1091 468 Moysen
1113 414 1320 456 inueneris
1344 414 1517 457 dixisse:
1550 416 1666 458 uenit

167 482 224 523 ad
253 495 316 523 me
338 480 526 534 populus
555 493 760 533 quaerens
790 481 998 523 iudicium
1032 497 1059 523 a
1089 483 1292 525 domino?
1323 484 1357 525 si
1389 485 1565 538 populus
1595 485 1664 526 id-

167 551 279 592 circo
312 548 363 591 ad
396 561 470 590 nos
502 547 684 598 confluit,
725 548 772 589 ut
803 549 1031 590 seeundum
1074 550 1139 591 dei
1171 550 1308 604 legem
1339 551 1558 602 iudicetur,
1592 566 1665 594 cur

166 620 212 660 tu
235 618 418 672 inquies:
451 617 651 658 damnate
672 617 968 659 innocentem?
998 618 1139 671 itaque
1162 631 1256 660 cum
1280 619 1355 661 hoc
1379 622 1662 674 praeceptum,

133 686 281 741 ⁵quod
312 686 520 740 prolatum
553 686 617 727 est
649 698 671 727 a
701 686 757 736 te,
790 699 868 727 non
903 686 957 728 sit
988 687 1157 729 ueniens
1191 700 1239 729 ex
1270 687 1363 742 lege
1398 689 1477 739 dei,
1511 690 1584 731 sed
1608 690 1662 732 sit

167 755 288 809 plane
320 767 367 795 ex
398 754 616 795 uoluntate
647 754 859 795 firmatum
893 755 1060 805 diaboli,
1100 755 1269 797 tandem
1308 756 1505 811 intellege
1546 758 1663 811 quis-

169 837 263 866 nam
299 823 367 865 sis.

226 893 301 934 III.
335 892 446 934 onr
467 892 574 934 Loth
596 904 798 934 conuersa
822 892 862 933 in
887 892 1017 933 salem
1043 894 1116 938 est,
1141 905 1214 934 eur
1236 893 1407 947 implere
1430 894 1665 948 nequiuerit

166 962 390 1014 imperata3
430 961 560 1010 nobis,
593 960 718 1002 credo
749 961 986 1002 interuentu
1019 962 1103 1011 tuo,
1145 962 1242 1015 quia
1273 962 1473 1004 uidelicet
1504 963 1561 1004 sis
1592 976 1662 1005 rex

117 1033 149 1058 ¹⁰
167 1030 340 1072 Romani
357 1029 533 1083 imperii⁷
557 1029 659 1071 nihil
677 1029 891 1071 accideret
911 1030 1128 1080 malorum,
1152 1030 1186 1071 si
1205 1030 1321 1073 falsis
1341 1032 1663 1085 praegrauatum

167 1098 409 1140 criminibus
441 1097 764 1139 damnaremus?
825 1110 945 1139 saera
977 1099 1182 1152 scriptura
1211 1099 1251 1140 in
1284 1099 1438 1150 Exodo,
1484 1101 1665 1154 Moyses,

166 1167 312 1221 inquit,
345 1168 534 1210 ascendit
563 1168 610 1209 in
643 1171 817 1209 montem
839 1168 919 1222 clei,
953 1171 989 1209 el
1019 1168 1193 1209 uocauit
1220 1181 1314 1209 eum
1334 1168 1435 1210 deus
1454 1168 1504 1210 de
1524 1171 1662 1211 monte

167 1236 329 1279 dicens:
375 1236 472 1279 haec
503 1237 613 1278 dices
644 1237 785 1278 domui
817 1236 940 1278 Iacob
980 1240 1016 1278 et
1054 1236 1333 1278 adnuntiabis
1368 1237 1474 1290 filiis
1504 1236 1662 1280 Israel:

166 1305 249 1358 ipsi
281 1305 449 1347 uidistis
478 1308 643 1359 quanta
672 1305 842 1358 fecerim
865 1305 1093 1359 Acyyptiis,
1126 1308 1164 1346 et
1196 1305 1414 1358 adsumpsi
1445 1318 1519 1347 uos
1549 1309 1660 1347 tam-

117 1382 149 1407 15
168 1388 295 1428 quam
333 1387 466 1427 supra
490 1374 656 1427 pinnas
695 1373 866 1427 aquilae
896 1377 931 1415 el
963 1373 1126 1415 adduxi
1157 1386 1232 1414 uos
1263 1373 1319 1415 ad
1350 1387 1423 1416 me.
1483 1377 1519 1415 el
1550 1387 1663 1416 nunc

168 1444 205 1485 si
235 1444 387 1486 auditu
420 1443 648 1485 audieritis
679 1456 821 1484 uocem
852 1455 988 1484 meam
1019 1445 1056 1483 et
1077 1441 1356 1483 custodieritis
1376 1445 1663 1484 testamentum

168 1525 315 1564 meum,
348 1513 467 1554 eritis
497 1512 605 1554 mihi
630 1512 816 1565 populus
848 1512 1075 1553 abundans
1099 1524 1207 1563 prae
1238 1510 1428 1553 omnibus
1458 1512 1662 1566 yentibus.

171 1595 261 1623 mea
292 1585 350 1623 est
379 1582 585 1623 uniuersa
617 1585 745 1622 terra.
779 1593 853 1623 uos
884 1583 1022 1622 aulem
1053 1580 1172 1620 erilis
1194 1579 1301 1620 mihi
1322 1593 1492 1634 reynum
1516 1593 1663 1622 sacra-

167 1650 378 1692 tissimum
400 1654 436 1692 εἰ
455 1663 558 1703 qens
581 1653 743 1692 sancta.
777 1649 985 1703 quomodo
1007 1660 1108 1702 gens
1132 1648 1290 1697 sancta,
1324 1648 1357 1689 si
1381 1648 1663 1690 innocentium

116 1728 149 1754 20
169 1718 368 1760 fuerimus
400 1720 645 1761 necatores?
697 1718 903 1771 quomodo
935 1730 1108 1771 regnum
1143 1717 1219 1758 deo
1252 1717 1594 1766 sacratissimum,
1629 1716 1663 1758 si

166 1788 390 1841 praecepta
407 1788 719 1841 praetereamus
739 1788 853 1829 eius?
877 1787 985 1828 ‘item
1004 1787 1105 1828 dicit
1124 1786 1246 1827 deus:
1274 1799 1359 1826 non
1376 1785 1663 1839 moechaberis,

168 1869 253 1897 non
284 1855 450 1908 occides,
482 1869 565 1896 non
585 1855 743 1908 falsum
768 1855 1049 1897 testimonium
1070 1854 1178 1896 dices
1199 1854 1403 1896 aduersus
1416 1855 1663 1907 proximum

166 1928 296 1966 tuum.
357 1926 403 1965 tu
435 1923 572 1977 inquis
604 1924 768 1965 eontra:
809 1923 925 1966 crede
961 1922 1067 1964 milii
1105 1923 1262 1964 dicenti
1300 1922 1416 1974 falsa
1454 1926 1490 1964 ct
1522 1926 1661 1964 macta

170 1994 436 2035 innocentem.
470 2006 642 2035 monens
676 1993 777 2034 deus
811 1993 913 2034 dicit
944 1992 983 2033 in
1015 1991 1178 2033 Exodo:
1211 2005 1297 2032 non
1329 1991 1465 2032 credes
1493 1991 1663 2033 auditui

115 2069 149 2095 2⁵
166 2076 292 2112 uano,
326 2076 412 2103 non
442 2063 671 2104 consenties
700 2076 792 2104 cum
814 2062 960 2114 iniquo
982 2061 1075 2114 fieri
1097 2061 1212 2102 testis
1233 2060 1430 2109 iniustus,
1463 2073 1548 2101 non
1580 2060 1663 2102 eris

169 2144 260 2172 cum
292 2131 563 2183 conpluribus
594 2132 641 2172 in
671 2130 852 2172 malitia.
913 2143 1000 2171 non
1032 2130 1217 2182 adpones
1247 2142 1339 2170 cum
1379 2127 1664 2180 compluribus

167 2199 379 2241 declinare
416 2212 508 2241 cum
543 2199 687 2253 turba,
733 2202 778 2241 ut
816 2199 997 2241 declines
1035 2197 1241 2240 iudicium
1286 2200 1321 2238 et
1354 2197 1539 2250 pauperi
1577 2210 1664 2238 non

167 2269 406 2311 miserearis
438 2269 484 2310 in
513 2269 673 2310 iudicio
704 2270 805 2323 eius,
868 2268 908 2309 et
938 2267 1063 2308 infra:
1103 2279 1188 2307 non
1219 2266 1427 2308 subuertes
1456 2265 1662 2306 iudicium

166 2339 368 2392 pauperis
398 2339 445 2379 in
475 2338 634 2379 iudicio
665 2338 768 2390 eius,
810 2336 861 2378 ab
899 2337 1016 2378 omni
1047 2335 1169 2376 uerbo
1201 2335 1348 2387 iniquo
1379 2335 1552 2384 recedes,
1591 2333 1662 2373 in-

116 2417 150 2443 ³0
169 2411 375 2449 nocentem
409 2410 446 2449 et
477 2407 634 2447 iustum
667 2419 753 2447 non
784 2405 951 2456 occides,
992 2417 1078 2445 non
1108 2403 1356 2455 iustificabis
1388 2402 1552 2453 inpium
1583 2413 1662 2453 pro

168 2476 432 2526 muneribus‚·
460 2488 641 2516 munera
671 2474 783 2515 enim
804 2475 1025 2514 excaecant
1049 2471 1186 2513 oculos
1208 2470 1446 2511 uidentium
1476 2472 1512 2510 et
1529 2469 1661 2521 pesti-

167 2544 307 2596 ferant
338 2557 543 2586 sermones
573 2544 715 2584 iustos.
751 2541 802 2583 ad
834 2542 935 2581 haec
969 2541 1013 2580 tu
1038 2538 1295 2580 excludenda
1315 2538 1537 2591 praecepta
1561 2538 1661 2578 sub-

306 2646 343 2679 11
372 2647 434 2682 Ex.
464 2647 516 2684 19,
542 2646 630 2678 3—ss
769 2643 809 2677 21
837 2642 883 2676 ib.
909 2643 963 2681 20,
993 2641 1124 2675 13-16
1263 2640 1305 2673 24
1332 2639 1377 2673 ib.
1403 2640 1456 2678 23,
1487 2639 1572 2672 1-3

169 2703 212 2738 28
237 2703 283 2739 ib.
308 2703 363 2743 23,
390 2704 478 2738 6-8

236 2783 257 2817 2
284 2795 427 2829 querens
521 2784 539 2816 4
560 2782 717 2827 inquiens
736 2792 770 2814 es
788 2781 875 2823 fort.
971 2779 988 2811 7
1016 2779 1061 2812 sit
1088 2790 1128 2812 m.
1148 2782 1166 2812 1
1261 2777 1282 2811 8
1299 2787 1357 2811 cur
1382 2777 1418 2813 Γ,
1447 2775 1535 2820 quod
1556 2787 1572 2809 ι’

167 2841 208 2876 21
236 2840 447 2886 mechaberis
587 2839 625 2873 31
657 2841 691 2872 et
716 2847 857 2872 munera
887 2836 919 2870 1⁷
942 2838 990 2877 (et
1017 2846 1082 2869 om.
1111 2836 1158 2874 τῆς
1184 2836 1219 2869 et
1243 2844 1383 2868 munera
1409 2843 1477 2866 non
1503 2832 1662 2875 accipies,

169 2908 311 2932 munem
336 2898 425 2940 fort.
