1934 3278
601 242 818 276 Moriendum
847 253 921 276 esse
946 253 1007 287 pro
1034 241 1091 276 dei
1116 242 1201 276 filio.
1574 244 1657 288 309

152 368 364 409 aestimati
395 380 540 408 smnus
570 371 616 407 ut
640 380 735 410 oues
755 367 997 419 occisionis;
1029 368 1070 408 et
1090 368 1136 408 tu
1161 367 1430 410 Constantius
1453 368 1654 410 Arrianae

151 435 413 478 idololatriae
453 436 716 488 mancipatus
762 436 924 477 interea
967 436 1218 489 imperator,
1267 438 1451 491 metuite,
1503 437 1653 491 inquis,

149 505 362 558 frendores
400 505 726 546 'recrudescentis
767 505 814 545 in
851 507 1040 546 uestram
1079 518 1216 547 necem
1250 505 1446 546 insaniae
1477 520 1590 548 meae
1621 511 1656 547 et

149 575 270 615 estote
300 586 458 614 mecum
489 576 720 626 apostatae.

114 655 132 680 5
206 642 300 683 XII.
354 642 470 683 Haec
512 641 686 683 audiens
727 654 805 682 non
846 641 1088 688 uulneribus
1127 642 1211 683 tuis
1250 642 1410 684 mederi
1448 642 1534 693 uis,
1582 642 1655 684 sed

149 710 284 763 magis
316 710 453 763 pergis
486 722 612 751 caeco
654 710 695 751 et
734 709 1016 751 inrationabili
1056 713 1192 751 l'urere
1233 710 1398 752 illorum
1439 711 1654 761 instinctu,

151 778 220 831 qui
251 778 463 819 insinuant
495 791 538 820 sc
570 778 699 819 menti
731 778 828 818 tuae
863 780 904 819 et
942 778 1145 831 instigant
1182 779 1370 820 nescium
1409 779 1562 821 furore.
1613 779 1656 820 hi

150 847 246 888 sunt
278 847 459 900 spiritus,
493 847 643 900 quibus
674 847 733 894 tu,
768 846 878 899 quod
912 846 979 887 (lei
1002 847 1169 888 unicum
1191 847 1323 888 filium
1346 859 1486 901 neges,
1520 847 1654 889 sacri-

149 916 276 956 ficare
300 916 542 966 dinosceris,
577 916 647 969 qui
670 916 768 968 quia
788 928 860 969 per
883 927 927 956 se
949 928 1098 956 nocere
1131 916 1249 958 nobis
1280 916 1383 957 nihil
1407 917 1580 970 possunt
1600 941 1655 947 —

100 999 132 1023 ιο
148 984 404 1038 protegimur
423 985 532 1026 enim
554 984 840 1037 magnitudine
865 983 932 1024 dei
954 1009 1009 1014 —
1031 996 1104 1037 per
1124 985 1166 1025 te
1189 997 1263 1026 nos
1286 985 1512 1026 satellitem
1535 998 1656 1026 suum

147 1055 454 1107 persequuntur
495 1066 597 1107 quos
637 1053 715 1094 sibi
763 1053 954 1095 inimicos
1002 1066 1093 1095 esse
1133 1054 1425 1095 infestissimos
1473 1054 1656 1095 sentiunt

150 1123 425 1176 exercentque
464 1135 537 1176 per
577 1124 619 1163 te
662 1123 890 1163 amatorem
929 1135 1049 1163 suum
1082 1123 1303 1163 saeuitiam
1336 1135 1460 1176 quam
1492 1122 1655 1164 uiolen-

148 1190 311 1233 tissime
342 1193 529 1245 possunt,
570 1191 858 1233 existimantes
888 1191 1129 1232 interuentu
1159 1193 1231 1233 tuo
1263 1191 1471 1232 carnificis
1503 1203 1546 1232 se
1579 1202 1655 1233 no-

149 1259 278 1301 stram
324 1260 554 1302 uiolaturos
600 1260 740 1302 fidem.
801 1259 992 1301 doctrina
1038 1265 1283 1301 cunctarum
1331 1261 1395 1301 est
1442 1271 1655 1301 sacrarum

98 1340 130 1366 15
150 1328 279 1382 script
309 1342 449 1370 rarum
480 1330 519 1370 in
555 1329 620 1370 dei
652 1329 786 1370 filium
818 1328 989 1370 credere
1025 1329 1202 1382 primam
1241 1330 1283 1370 et
1322 1329 1656 1370 consummatam

150 1409 240 1440 esse
272 1398 490 1440 iustitiam.
528 1398 622 1439 hinc
657 1399 721 1439 est
753 1398 863 1451 quod
894 1399 937 1438 te
969 1398 1082 1440 uicto
1115 1398 1426 1451 quaestionario
1458 1398 1520 1439 illi
1553 1397 1655 1439 dae-

148 1481 292 1510 mones
323 1468 363 1509 in
394 1470 436 1509 te
468 1468 711 1518 uincantur,
755 1467 853 1521 quia
892 1468 1113 1509 uictoriam
1146 1480 1225 1509 non
1257 1468 1493 1509 nostrorum
1523 1466 1656 1520 fragi-

147 1537 251 1578 lium
276 1538 394 1579 nobis
426 1538 613 1590 praestet
635 1549 854 1590 corporum
885 1537 1034 1587 uirtus,
1068 1537 1143 1579 sed
1175 1536 1289 1577 illius
1320 1536 1556 1577 clementia.
1584 1536 1656 1577 ille

150 1606 305 1647 sufficit
343 1607 475 1657 uires,
522 1608 568 1647 ut
605 1606 712 1647 inter
752 1618 871 1647 omne
902 1606 1002 1646 tuae
1035 1605 1302 1646 carnificinae
1333 1605 1657 1646 instrumentum

97 1682 130 1707 2⁰
151 1674 347 1715 duremus
386 1675 628 1725 inmobiles,
671 1676 715 1716 ut
753 1688 832 1717 non
866 1675 1079 1716 doloribus
1112 1675 1354 1725 uulnerum,
1393 1687 1472 1716 non
1503 1674 1656 1716 ictibus

149 1744 440 1796 quaestionum
472 1745 714 1797 frangamur
747 1744 819 1785 sed
852 1744 991 1797 potius
1034 1744 1263 1797 erigamur;
1311 1743 1404 1784 hinc
1437 1756 1561 1785 uerus
1595 1744 1658 1785 est

151 1812 217 1853 dei
249 1813 400 1862 cultus,
432 1813 472 1853 in
506 1825 586 1866 quo
617 1814 782 1854 mentes
814 1813 1041 1855 colentium
1075 1825 1119 1854 se
1142 1813 1255 1866 ipsas
1279 1813 1356 1854 deo
1378 1812 1656 1854 inmaculatas

149 1881 343 1923 uictimas
382 1881 546 1923 sistunt.
601 1883 642 1922 et
682 1882 897 1924 arbitraris
935 1882 1001 1923 dci
1038 1894 1130 1923 esse
1165 1882 1372 1923 cultorum
1405 1893 1655 1935 quemquam

148 1951 234 1990 tam
267 1963 437 2004 segnem
471 1963 518 1991 ac
552 1950 771 1995 stolidum.
819 1952 866 1992 ut
896 1964 974 1993 non
1007 1951 1126 1992 illum
1160 1951 1281 1992 ardor
1311 1951 1418 1992 tanti
1450 1950 1656 2003 cupidinis

97 2024 130 2051 2⁵
150 2020 303 2060 excitet
340 2020 381 2060 et
402 2032 480 2061 non
505 2020 651 2070 armet,
684 2032 762 2061 non
796 2020 984 2074 instiget,
1017 2033 1096 2061 non
1129 2019 1330 2070 stimulet,
1364 2032 1443 2061 non
1477 2019 1655 2072 denique

147 2088 231 2130 illis
262 2089 424 2130 facibus
457 2089 608 2130 amoris
638 2089 890 2140 inflammet,
934 2089 1084 2142 quibus
1117 2090 1214 2130 sunt
1245 2089 1378 2130 sancti
1410 2088 1656 2129 inflammati

147 2159 372 2211 prophetae
411 2158 588 2210 apostoli
629 2170 675 2199 ac
715 2159 949 2213 martyres?
1001 2171 1145 2211 quem,
1186 2158 1379 2211 inquam,
1422 2158 1655 2199 nostrorum

148 2238 226 2267 non
264 2226 454 2279 inpingat
495 2227 655 2268 animus
695 2227 803 2268 inter
844 2240 992 2268 manus
1033 2228 1128 2268 tuas
1161 2227 1353 2268 crudeles
1384 2239 1457 2280 pro
1490 2226 1653 2268 Christo

148 2294 356 2337 interfici?
397 2308 519 2348 quem
561 2295 612 2336 ad
654 2296 841 2350 martyrii
883 2295 1059 2349 gloriam
1094 2296 1136 2336 et
1167 2295 1350 2336 culmina
1381 2307 1459 2335 non
1492 2295 1655 2335 tantum

96 2375 221 2416 seper
250 2364 352 2404 haec
394 2376 500 2416 quae
537 2365 582 2404 tu
621 2363 855 2413 ministras,
905 2363 979 2404 sed
1019 2363 1145 2404 etiam
1187 2375 1259 2416 per
1301 2362 1537 2403 crudeliora
1576 2374 1654 2403 non

147 2433 363 2485 peruenire
395 2433 570 2486 urgeat?
603 2433 753 2485 quippe
786 2445 879 2473 cuni
915 2432 1037 2473 facile
1071 2433 1316 2484 superentur
1340 2432 1413 2472 tua
1436 2431 1653 2484 supplicia.

215 2569 236 2602 2
262 2569 495 2604 idololatriam
528 2571 566 2609 V,
593 2582 655 2604 em.
684 2582 701 2605 v
818 2571 838 2603 6
863 2570 975 2604 furere
1002 2571 1149 2614 scripsi,
1175 2569 1288 2603 furore
1320 2570 1369 2603 Vv
1499 2570 1517 2602 'a'
1544 2569 1655 2603 furere

147 2627 239 2662 coni.
258 2628 440 2662 Latmius
534 2627 570 2662 hi
587 2630 669 2662 sunt
686 2628 834 2671 scripsi,
861 2627 913 2660 his
941 2628 999 2667 Vr,
1025 2627 1060 2661 hi
1078 2627 1171 2661 coni.
1190 2627 1372 2661 Latinius
1465 2627 1487 2660 8
1512 2627 1654 2671 spiritus
1691 2622 1696 2628 ’

147 2686 229 2718 sunt
252 2685 344 2719 coni.
365 2685 546 2719 Latinius
639 2685 750 2719 furere
777 2686 829 2719 his
855 2685 1037 2729 spiritibus
1063 2686 1155 2718 coni.
1176 2685 1290 2719 Coleci
1316 2684 1557 2718 distinctione
1574 2696 1654 2718 cum

148 2752 167 2775 v
192 2742 340 2776 sublata
439 2742 478 2776 12
497 2742 770 2777 uiolentissimac
868 2743 908 2777 16
927 2745 1010 2787 quot
1106 2742 1146 2775 18
1163 2743 1321 2785 praestat
1338 2742 1431 2776 coni.
1451 2741 1565 2776 Coleti

142 2802 228 2841 post
253 2799 438 2834 clementia
464 2801 626 2835 discinxi
767 2802 808 2835 19
834 2804 935 2836 omn&
1075 2800 1119 2834 23
1146 2811 1313 2845 quequem
1461 2799 1506 2833 24
1531 2801 1654 2833 tantae

148 2861 330 2901 eaespectes
357 2859 454 2901 quod
481 2859 663 2894 Latinius
692 2860 835 2894 iuuerit
931 2859 970 2892 31
1001 2858 1131 2903 urgead
