1934 3278
256 274 338 315 242
975 270 1110 304 Index

306 397 323 431 Ι
348 396 407 438 30,
443 396 495 429 14.
524 415 562 419 -
599 396 656 429 51.
672 420 679 428 .
700 406 767 428 non
794 409 837 424 -τ
863 395 951 429 nisi:
979 394 1009 428 si
1070 394 1124 428 sin
1151 396 1279 434 autem,
1308 394 1363 429 sin
1388 406 1469 429 uero
1495 410 1539 425 =
1564 395 1595 429 εἰ
1613 394 1650 429 δὲ
1668 397 1715 440 μή
1735 397 1751 431 Ι
1769 398 1823 438 32,

303 443 400 486 prius
435 453 503 475 non
538 441 695 485 digitum
721 441 847 474 misero
875 443 915 476 A.
943 440 1008 474 557
1116 441 1168 474 10.
1208 442 1248 474 A.
1274 441 1340 474 878
1376 441 1436 486 (cf.
1463 442 1690 485 Βοεηεοῖι,
1718 443 1766 477 It.
1793 447 1825 477 et

260 488 311 522 sic
348 503 390 517 ε
430 491 521 522 tum:
564 486 605 521 de
646 487 764 520 labore
806 490 866 520 tuo
909 487 1010 528 dona,
1121 486 1224 531 Vuly.
1250 497 1284 530 p.
1313 489 1399 526 405)

303 534 436 568 nudum
464 533 574 567 uestit
606 533 655 566 sic
680 532 780 566 uiues
808 532 845 566 11
873 532 926 573 22,
955 532 1010 568 12.

304 585 345 613 tu
373 604 403 612 ..
429 580 458 613 si
496 579 611 612 nudus
665 578 854 612 benefactis
896 579 1011 611 Deum

304 626 434 665 adores,
455 626 492 658 111
506 627 623 659 totum
643 635 686 657 ne
703 624 814 658 facias
833 624 882 658 sic
902 624 1011 657 orati-

304 681 406 705 onem
442 671 481 705 II
517 671 572 712 38,
614 671 634 705 5
674 680 725 713 sq.
766 670 874 703 immo
916 670 1012 713 prius

305 720 465 760 quaerat,
499 717 559 749 ubi
586 716 634 749 sit
660 727 725 749 sua
751 716 826 749 uita
852 715 1011 750 redacta!

307 764 356 797 sic
371 763 478 796 fuerit
490 763 628 806 sapiens
643 763 684 796 A.
697 762 761 795 591
780 772 831 804 sq.
849 762 1012 794 immolat

306 809 370 842 hos
396 809 551 845 primum
578 813 613 841 ot
632 808 680 841 sic
697 808 740 841 ad
759 808 924 841 ecclesias
943 808 1013 840 exit

306 855 347 888 A.
374 856 452 890 053.
483 874 529 880 -
553 854 602 887 510
626 879 655 886 ..
676 853 707 886 si
735 870 774 880 =
804 863 876 887 non
901 854 1013 897 mayz's

307 911 434 944 quam:
472 901 501 933 si
540 901 714 943 martyres
751 898 883 940 feceris,
921 898 1013 932 filios

308 947 358 980 sic
383 956 467 980 uoce
491 945 637 979 deflebis
663 945 700 979 ΙΙ
725 944 778 984 32,
805 945 836 979 6.
873 945 902 978 51
928 946 1014 978 false

309 992 350 1026 de
365 991 452 1035 ipsis
467 992 704 1036 pronuntiant
719 990 859 1034 perdere
873 992 1013 1027 terram,

315 1062 324 1070 .
341 1064 347 1070 .
367 1039 418 1071 sic
443 1038 537 1071 erint
563 1041 599 1070 et
624 1037 715 1070 falsa
741 1036 782 1069 de
799 1036 861 1070 illo
888 1037 928 1070 A.
948 1036 1014 1070 394

312 1094 363 1128 sq.
388 1103 433 1109 -
458 1084 507 1117 sic
532 1097 576 1112 =
602 1082 741 1124 αὕτως,
775 1086 922 1118 temere:
954 1093 1014 1116 nec
1044 1084 1047 1128 ξ

311 1131 388 1163 erat
414 1130 567 1169 diuinus,
595 1129 645 1163 sic
664 1128 766 1162 deum
785 1139 858 1162 esse
877 1128 1015 1162 diceban

309 1174 328 1209 Ι
352 1175 387 1217 4,
415 1176 445 1209 6.
479 1176 627 1208 uulnera
661 1185 728 1207 non
756 1176 881 1217 parent
906 1176 941 1208 et
966 1175 1014 1208 sic
1046 1203 1047 1214 2

309 1221 383 1255 sine
409 1221 509 1255 caede
536 1221 663 1254 ruistis
689 1220 727 1255 ΙΙ
753 1221 807 1261 25,
835 1222 867 1254 8.
897 1235 939 1250 =
965 1223 1015 1254 to-

309 1266 437 1301 tidem:
471 1277 532 1310 per
563 1266 744 1300 duodecim
770 1266 872 1299 milia
899 1265 1016 1300 stadia
1046 1271 1047 1310 J

309 1312 394 1355 lata,
422 1313 538 1355 longa,
568 1312 618 1346 sic
644 1313 718 1346 alta
743 1312 781 1345 ΙΙ
806 1312 837 1352 3,
867 1312 908 1345 16

266 1404 489 1493 siem-{zm}
515 1464 559 1479 =
584 1451 696 1491 sicum
722 1450 765 1492 cf.
794 1450 894 1493 quasi

266 1496 417 1529 siccatus
445 1496 576 1530 fluuius
604 1498 643 1530 A.
671 1496 746 1529 905.
775 1496 841 1529 960

266 1542 430 1585 sigillum
458 1557 499 1571 :-
526 1542 759 1576 simulacrwn.
786 1541 802 1574 I
830 1542 882 1582 18,
905 1541 955 1574 18.
974 1560 1019 1564 ——
1048 1516 1049 1544 i

312 1588 433 1630 sigilla
458 1588 512 1621 bis
539 1599 621 1621 sena
637 1602 682 1617 =
699 1588 872 1622 zodiacus
890 1586 905 1620 Ι
926 1587 956 1627 ἶ,
978 1586 1018 1620 14
1048 1606 1049 1616 1

267 1633 426 1677 signare:
444 1633 564 1667 Helia>-
580 1634 699 1667 ueniet
717 1635 812 1677 prius
827 1635 861 1666 et
875 1633 1017 1674 signare

313 1679 460 1713 dilectos
498 1680 515 1714 I
551 1680 607 1722 41,
644 1680 676 1713 8.
718 1677 860 1724 (signo)
898 1679 1018 1722 signat
1048 1714 1050 1723 .

313 1725 480 1768 populum
507 1726 542 1758 in
570 1726 712 1759 nomine
739 1725 873 1759 Christi
893 1727 934 1759 A.
952 1723 1019 1758 840

268 1770 431 1814 signum:
466 1771 501 1804 in
536 1771 637 1805 illum
666 1771 857 1815 sperabunt
883 1777 1016 1814 gentes,
1048 1786 1050 1800 1

314 1817 414 1850 cuius
441 1817 543 1860 signo
569 1820 718 1851 tuentur
744 1819 786 1850 A.
811 1817 889 1850 292.
914 1836 959 1842 —
978 1831 1016 1845 =

318 1866 439 1913 ζῃρῑιε,
466 1864 598 1907 1ίηισιροτ
625 1874 731 1906 quam
759 1862 886 1902 (Liam)
914 1862 1019 1896 Iacob

320 1919 354 1940 1n
382 1909 483 1951 signo
510 1909 640 1951 recepit
667 1909 684 1942 Ι
709 1909 765 1951 39,
791 1909 821 1942 2.
847 1928 892 1932 -
917 1909 1020 1952 signa

318 1967 360 1983 =
396 1955 594 1988 miracula:
636 1955 750 1988 multa
791 1954 894 1998 signa
934 1954 1020 1988 facit
1050 1956 1051 1975 ³

314 1999 332 2033 I
356 2000 411 2039 41,
446 2000 497 2034 16.
532 2002 572 2034 A.
607 2001 685 2034 929.
715 2021 760 2025 -—
794 2016 835 2029 z
861 2000 1019 2034 indicia:

314 2045 426 2078 multa
450 2071 457 2078 .
475 2073 479 2078 .
502 2046 604 2088 signa
629 2046 715 2080 fient
732 2049 854 2080 tantae
872 2046 1019 2079 hermini

315 2091 407 2133 pesti
433 2092 473 2124 A.
499 2092 566 2125 807

270 2136 416 2170 silentia
431 2151 474 2166 =
488 2137 692 2171 silentimn:
711 2142 752 2171 ut
769 2138 857 2171 fiant
877 2137 1021 2171 silentia

315 2183 434 2216 uestra
458 2182 494 2216 II
519 2183 573 2224 35,
601 2184 642 2216 15

270 2228 362 2262 silua
376 2242 418 2257 =
433 2229 512 2262 uita
524 2229 704 2263 indomita
718 2229 902 2263 hominum
917 2232 1022 2262 esci-ra

317 2274 500 2308 ecelesiam
549 2275 796 2309 versantium.-
846 2276 882 2308 111
932 2275 1023 2308 silua

316 2330 456 2353 manere
482 2321 633 2364 quaeris,
660 2321 720 2354 ubi
747 2321 839 2354 latro
864 2325 1022 2355 moratur

316 2365 334 2398 Ι
370 2365 426 2406 25,
460 2366 490 2399 3.
525 2366 561 2399 in
595 2367 687 2400 silua
712 2367 789 2410 lupi
815 2371 899 2400 sunt
924 2367 942 2401 I
967 2366 1022 2406 33,

317 2411 347 2445 7.
377 2411 481 2445 multi
505 2438 533 2444 ..
555 2413 742 2456 rapiuntur
777 2413 906 2446 saeculi
931 2412 1023 2446 silua

318 2459 359 2489 A.
387 2457 453 2490 605

272 2502 450 2536 siluestris
473 2529 478 2535 .
495 2529 502 2535 .
523 2505 615 2537 tauri
634 2518 678 2532 :-
695 2504 856 2538 homines
880 2504 1023 2538 saeculo

318 2548 549 2582 inhaerentes
586 2549 602 2582 Ι
639 2550 694 2589 33,
736 2550 768 2583 5.
812 2550 873 2583 (In
911 2551 1023 2583 iuter-

311 2594 523 2637 pretatione
554 2595 736 2629 Palatina
768 2596 893 2629 Herm.
920 2596 1022 2629 Past.

318 2640 395 2673 sim.
425 2639 491 2673 IX
513 2642 574 2681 26,
601 2642 626 2674 2
651 2641 806 2675 siluatici
825 2640 1023 2683 dicuntur.)

272 2684 447 2719 similare:
482 2697 542 2719 cur
567 2697 629 2719 1105
655 2686 850 2720 similemus
876 2686 918 2720 ad
944 2687 1024 2720 illas

318 2730 375 2772 (=
402 2730 487 2774 illis)
515 2734 556 2764 Α.
581 2732 626 2766 36

272 2775 420 2819 simplex
449 2793 485 2805 ε
507 2777 636 2820 fidelis,
662 2778 859 2816 innocen&
890 2778 1025 2822 simpli-

319 2822 407 2855 citer
431 2835 475 2851 =
488 2824 696 2867 praecipue,
722 2825 1025 2866 potissimuml‘?):

317 2867 379 2910 qui
420 2867 614 2911 simplicem
654 2869 775 2912 fingis,
817 2870 1026 2913 simpliciter

318 2913 399 2946 uiue
426 2924 503 2947 cum
530 2914 598 2947 isto
625 2914 641 2948 Ι
668 2915 722 2955 23,
749 2915 769 2949 6

1071 533 1162 566 sine:
1188 535 1229 565 ut
1255 542 1366 576 genus
1392 533 1457 566 hoc
1483 532 1662 566 hominum
1692 534 1825 568 faciant

1118 579 1193 612 sine
1220 579 1360 611 nomine
1387 578 1523 612 Christi
1551 579 1710 619 (nomine
1739 581 1823 615 Chr.

1112 624 1280 668 priuare)
1307 625 1348 658 A.
1375 624 1443 658 874

1072 670 1264 713 singularis
1290 683 1334 699 =
1359 670 1476 703 uidua
1502 670 1538 704 11
1564 671 1619 712 31,
1647 672 1687 705 15

1073 716 1220 750 sinistra-
1247 731 1287 745 =
1314 716 1462 756 iniusta,
1492 727 1669 759 peruersa
1704 717 1742 752 11
1774 719 1826 758 19,

1073 808 1121 841 sis
1137 807 1179 851 (2³)
1206 821 1250 836 =
1274 807 1305 841 si
1330 807 1388 841 uis
1415 807 1432 841 I
1459 807 1512 848 25,
1543 809 1582 842 11

1073 853 1191 887 sitire:
1227 853 1306 886 sitis
1340 856 1380 886 tu
1414 863 1517 896 super
1551 853 1702 888 diuitias
1729 855 1746 889 I
1771 855 1825 896 30,

1117 900 1139 933 4
1165 910 1234 943 sq.;
1260 898 1305 940 ef.
1333 903 1517 933 comment.

1074 945 1204 979 sodalis
1229 955 1257 979 c.
1284 944 1379 978 dat„-
1412 945 1512 978 eritis
1541 945 1613 979 Deo
1642 946 1779 980 sodales
1807 947 1824 981 Ι

1119 991 1173 1031 35,
1199 990 1244 1024 20

1077 1036 1265 1071 sollemnia
1290 1040 1412 1070 sancta
1439 1040 1480 1071 A.
1508 1036 1574 1070 424

1075 1083 1268 1117 sollicitum
1307 1093 1380 1116 esse
1416 1096 1462 1112 =
1498 1092 1649 1117 curare:
1686 1084 1727 1116 ut
1767 1085 1827 1117 tuo

1120 1128 1317 1172 praeposito
1338 1128 1483 1162 cottidie
1503 1131 1641 1171 praesto
1669 1129 1717 1161 sis
1735 1131 1827 1170 ante,

1121 1174 1296 1208 sollicitus
1315 1177 1386 1207 esto
1404 1174 1442 1208 II
1462 1174 1514 1215 12,
1533 1175 1554 1208 ὃ
1568 1184 1615 1217 sq.
1636 1174 1677 1208 de
1695 1175 1828 1208 funeris

1121 1230 1249 1263 pompa
1280 1220 1457 1254 sollicitus
1491 1230 1563 1253 csse
1599 1220 1659 1264 qui
1687 1221 1827 1263 quaeris

1122 1266 1160 1300 II
1187 1266 1241 1306 33,
1271 1267 1288 1299 1

1046 1338 1048 1352 ,
1077 1312 1210 1346 soluere
1230 1337 1237 1344 .
1256 1336 1261 1340 .
1281 1312 1316 1344 in
1344 1311 1488 1345 uascula
1505 1326 1549 1340 =
1571 1312 1762 1355 conflando
1792 1313 1825 1346 in

265 1358 314 1392 sic
341 1361 376 1392 et
401 1373 445 1388 =
461 1362 494 1392 et
515 1384 545 1392 ..
566 1362 610 1392 et:
632 1358 724 1391 altos
743 1358 792 1391 sie
811 1360 846 1391 et
865 1357 1016 1391 humiles
1046 1353 1048 1367 '

1121 1357 1273 1392 mascula
1299 1360 1514 1391 conuertere
1539 1357 1555 1390 Ι
1583 1358 1636 1398 20,
1667 1359 1685 1392 7

1078 1414 1235 1438 somnum
1265 1404 1340 1447 cepi
1366 1406 1407 1438 A.
1432 1403 1499 1437 445
1527 1403 1638 1445 (bibl.)

1077 1460 1217 1483 sonare:
1252 1449 1360 1483 uerbo
1395 1448 1538 1482 sonauit
1565 1452 1604 1482 A.
1631 1450 1674 1483 39
1701 1450 1762 1492 (cf.
1789 1450 1828 1484 A.

1124 1496 1190 1529 598
1217 1496 1346 1528 tonant
1364 1501 1446 1532 ore).
1475 1505 1612 1529 eramen
1634 1506 1766 1530 sonans
1795 1496 1832 1530 II

1123 1542 1154 1583 9,
1183 1541 1224 1575 19
1252 1541 1357 1585 (bibl.)

1079 1590 1206 1631 sopire:
1246 1587 1347 1620 cordc
1382 1587 1490 1631 sopiti
1527 1588 1567 1621 A.
1610 1588 1659 1622 16.
1699 1589 1831 1632 optima

1125 1634 1239 1713 (ΙεΙυὲἓ)
1265 1632 1354 1712 15111111
1383 1634 1499 1667 bibere
1525 1636 1560 1667 et
1586 1633 1690 1667 corda
1717 1634 1831 1678 sopire

1079 1725 1236 1759 sorbere:
1278 1723 1432 1768 lapidem
1478 1736 1540 1769 pro
1583 1724 1659 1759 filio
1702 1725 1833 1769 sorpsit

1126 1771 1329 1815 (Saturnus)
1356 1770 1373 1804 Ι
1398 1771 1429 1811 4,
1449 1771 1467 1804 ῖ

1081 1816 1214 1850 sordis:
1239 1815 1339 1850 sorde
1350 1817 1393 1859 (2)
1421 1817 1608 1850 manifeste
1633 1816 1757 1851 deflere
1794 1816 1832 1850 ΙΙ

1125 1863 1156 1903 8,
1183 1863 1204 1896 5

1081 1919 1172 1943 sors:
1197 1911 1232 1942 et
1250 1908 1285 1941 in
1304 1908 1531 1942 uestimentis
1551 1909 1636 1942 meis
1656 1933 1663 1940 .
1680 1936 1684 1941 .
1703 1910 1832 1941 sortem

1126 1954 1300 1988 miserunt
1327 1955 1367 1987 A.
1393 1954 1460 1987 419
1487 1954 1598 1998 (bibl.)

1082 2000 1273 2042 sortilegus
1299 1998 1316 2032 Ι
1345 2000 1386 2033 11
1412 2000 1520 2033 inser.

1051 2087 1052 2094 ἶ
1084 2045 1231 2090 spatiari
1259 2059 1303 2074 =
1327 2045 1458 2089 uagari
1484 2048 1524 2079 A.
1551 2046 1572 2079 3

1082 2092 1210 2136 species
1234 2104 1280 2120 =
1301 2091 1539 2134 pulchritudo
1565 2091 1582 2125 Ι
1609 2092 1661 2131 11,
1690 2092 1731 2125 10

1083 2138 1239 2217 spii&
1258 2146 1547 2223 35¹2fzfi-z..-·.;..Pef1
1570 2137 1708 2224 1181ἷῆ
1720 2138 1836 2227 ὢέἐῗᾷ

1083 2239 1242 2273 sperare:
1283 2229 1367 2262 haec
1405 2229 1577 2272 speranda
1613 2228 1716 2262 nobis
1757 2239 1834 2272 spes

1128 2276 1183 2308 est
1219 2275 1259 2309 A.
1298 2275 1376 2309 303.
1420 2274 1456 2308 in
1497 2275 1601 2308 illum
1641 2274 1834 2318 sperabunt

1129 2324 1253 2365 gentes
1279 2321 1320 2354 A.
1345 2320 1412 2354 292
1439 2320 1562 2365 (bibl).

1084 2377 1244 2410 spernere
1269 2381 1314 2395 =
1338 2366 1558 2409 repudiare:
1592 2368 1676 2400 sunt
1700 2377 1835 2410 semper

1131 2412 1241 2455 spreti
1267 2412 1403 2451 (Iudaei
1431 2424 1450 2445 a
1474 2412 1562 2453 Deo)
1587 2414 1630 2446 A.
1654 2413 1722 2447 395

1085 2468 1162 2502 spes
1200 2457 1360 2501 gentium
1397 2459 1439 2492 A.
1475 2457 1541 2492 392
1584 2458 1709 2500 (bibl).
1759 2468 1835 2502 spes

1132 2504 1315 2537 fortunata
1351 2514 1542 2537 rursum..
1566 2504 1711 2537 uiuendi
1749 2504 1766 2538 Ι
1804 2506 1835 2544 2,

1133 2549 1186 2583 12.
1214 2549 1274 2582 ubi
1292 2550 1340 2582 sit
1358 2560 1434 2592 spes
1453 2550 1548 2583 uitae
1566 2550 1727 2592 ponenda
1746 2549 1762 2583 Ι
1781 2550 1836 2592 25,

1132 2595 1185 2628 21.
1213 2597 1254 2628 A.
1279 2596 1334 2629 53.
1374 2606 1470 2638 spem
1496 2595 1594 2629 subit
1619 2596 1767 2629 alterius
1792 2609 1837 2625 =

1132 2651 1280 2674 causam
1307 2641 1459 2675 alterius
1477 2640 1744 2683 defendendam
1760 2651 1836 2675 sus-

1132 2687 1220 2730 cipit
1247 2690 1285 2720 A.
1311 2686 1387 2720 604.
1414 2707 1460 2712 —
1482 2701 1527 2715 =
1550 2687 1728 2728 felicitas.-
1754 2687 1836 2720 haec

1132 2732 1303 2775 speranda
1330 2733 1429 2766 nobis
1456 2742 1532 2776 spes
1550 2735 1603 2765 est
1623 2733 1836 2776 sempiterno

1133 2778 1280 2811 frunisci
1306 2779 1347 2811 A.
1373 2778 1452 2812 303.
1484 2777 1584 2811 nobis
1617 2788 1694 2821 spes
1721 2780 1774 2812 est
1800 2778 1836 2811 in

1133 2824 1253 2857 futuro
1280 2823 1478 2867 quaerenda
1502 2824 1543 2857 A.
1569 2824 1636 2857 310

1087 2870 1233 2912 spiritus
1258 2869 1335 2903 aeui
1361 2884 1402 2898 z
1422 2869 1547 2903 anima
1564 2869 1693 2903 mund-i
1710 2870 1750 2903 A.
1772 2869 1837 2903 108

1088 2914 1261 2958 spiritalis
1288 2925 1397 2958 poena
1422 2917 1565 2950 aeterna
1591 2915 1608 2949 I
1633 2915 1687 2955 29,
1715 2915 1756 2948 17
