<?xml version="1.0" encoding="UTF-8"?>
<!DOCTYPE html PUBLIC "-//W3C//DTD XHTML 1.0 Transitional//EN"
    "http://www.w3.org/TR/xhtml1/DTD/xhtml1-transitional.dtd">
<html xmlns="http://www.w3.org/1999/xhtml" xml:lang="en" lang="en">
 <head>
  <title>
</title>
<meta http-equiv="Content-Type" content="text/html;charset=utf-8" />
  <meta name='ocr-system' content='tesseract 3.04.00' />
  <meta name='ocr-capabilities' content='ocr_page ocr_carea ocr_par ocr_line ocrx_word'/>
</head>
<body>
  <div class='ocr_page' id='page_1' title='image "./corpusscriptorum14luciuoft_0456.png"; bbox 0 0 1934 3278; ppageno 0'>
   <div class='ocr_carea' id='block_1_1' title="bbox 318 270 366 297">
    <p class='ocr_par' dir='ltr' id='par_1_1' title="bbox 318 270 366 297">
     <span class='ocr_line' id='line_1_1' title="bbox 318 270 366 297; baseline 0 0"><span class='ocrx_word' id='word_1_1' title='bbox 318 270 366 297; x_wconf 81' lang='lat' dir='ltr'>XX</span> 
     </span>
    </p>
   </div>
   <div class='ocr_carea' id='block_1_2' title="bbox 313 378 1816 1121">
    <p class='ocr_par' dir='ltr' id='par_1_2' title="bbox 313 378 1816 502">
     <span class='ocr_line' id='line_1_2' title="bbox 313 378 1816 433; baseline -0.001 -12"><span class='ocrx_word' id='word_1_2' title='bbox 313 392 439 421; x_wconf 87' lang='lat' dir='ltr'>nouas</span> <span class='ocrx_word' id='word_1_3' title='bbox 472 381 512 421; x_wconf 89' lang='lat' dir='ltr'>et</span> <span class='ocrx_word' id='word_1_4' title='bbox 543 381 725 433; x_wconf 86' lang='lat' dir='ltr'>egregias</span> <span class='ocrx_word' id='word_1_5' title='bbox 758 379 918 422; x_wconf 88' lang='lat' dir='ltr'>notauit</span> <span class='ocrx_word' id='word_1_6' title='bbox 950 379 1159 429; x_wconf 85' lang='lat' dir='ltr'>lectiones,</span> <span class='ocrx_word' id='word_1_7' title='bbox 1192 391 1261 420; x_wconf 87' lang='lat' dir='ltr'>eae</span> <span class='ocrx_word' id='word_1_8' title='bbox 1292 378 1446 420; x_wconf 91' lang='lat' dir='ltr'>nemini</span> <span class='ocrx_word' id='word_1_9' title='bbox 1478 389 1558 419; x_wconf 89' lang='lat' dir='ltr'>non</span> <span class='ocrx_word' id='word_1_10' title='bbox 1589 379 1816 431; x_wconf 90' lang='lat' dir='ltr'>potuerunt</span> 
     </span>
     <span class='ocr_line' id='line_1_3' title="bbox 314 447 1404 502; baseline -0.001 -12"><span class='ocrx_word' id='word_1_11' title='bbox 314 449 551 502; x_wconf 84' lang='lat' dir='ltr'>cupidinem</span> <span class='ocrx_word' id='word_1_12' title='bbox 582 449 734 491; x_wconf 80' lang='lat' dir='ltr'>inicere</span> <span class='ocrx_word' id='word_1_13' title='bbox 766 450 902 490; x_wconf 86' lang='lat' dir='ltr'>cetera</span> <span class='ocrx_word' id='word_1_14' title='bbox 934 461 1091 502; x_wconf 89' lang='lat' dir='ltr'>quoque</span> <span class='ocrx_word' id='word_1_15' title='bbox 1123 447 1404 502; x_wconf 86' lang='lat' dir='ltr'>cognoscendi.</span> 
     </span>
    </p>

    <p class='ocr_par' dir='ltr' id='par_1_3' title="bbox 314 515 1812 845">
     <span class='ocr_line' id='line_1_4' title="bbox 372 515 1812 570; baseline -0.001 -12"><span class='ocrx_word' id='word_1_16' title='bbox 372 517 518 570; x_wconf 89' lang='lat' dir='ltr'>Itaque</span> <span class='ocrx_word' id='word_1_17' title='bbox 549 529 654 559; x_wconf 85' lang='lat' dir='ltr'>anno</span> <span class='ocrx_word' id='word_1_18' title='bbox 685 517 914 570; x_wconf 70' lang='lat' dir='ltr'>insequenti</span> <span class='ocrx_word' id='word_1_19' title='bbox 945 517 1036 558; x_wconf 90' lang='lat' dir='ltr'>Pio</span> <span class='ocrx_word' id='word_1_20' title='bbox 1069 516 1283 570; x_wconf 87' lang='lat' dir='ltr'>Knoell,</span> <span class='ocrx_word' id='word_1_21' title='bbox 1318 515 1479 558; x_wconf 89' lang='lat' dir='ltr'>cumin</span> <span class='ocrx_word' id='word_1_22' title='bbox 1500 516 1697 570; x_wconf 85' lang='lat' dir='ltr'>Angliam</span> <span class='ocrx_word' id='word_1_23' title='bbox 1719 528 1812 569; x_wconf 88' lang='lat' dir='ltr'>pro-</span> 
     </span>
     <span class='ocr_line' id='line_1_5' title="bbox 314 585 1811 639; baseline -0.001 -12"><span class='ocrx_word' id='word_1_24' title='bbox 314 586 584 639; x_wconf 88' lang='lat' dir='ltr'>ficisceretur,</span> <span class='ocrx_word' id='word_1_25' title='bbox 623 587 865 628; x_wconf 90' lang='lat' dir='ltr'>mandatum</span> <span class='ocrx_word' id='word_1_26' title='bbox 897 589 977 636; x_wconf 87' lang='lat' dir='ltr'>est,</span> <span class='ocrx_word' id='word_1_27' title='bbox 1018 586 1064 627; x_wconf 91' lang='lat' dir='ltr'>ut</span> <span class='ocrx_word' id='word_1_28' title='bbox 1094 585 1335 627; x_wconf 87' lang='lat' dir='ltr'>inchoatum</span> <span class='ocrx_word' id='word_1_29' title='bbox 1368 597 1391 626; x_wconf 90' lang='lat' dir='ltr'>a</span> <span class='ocrx_word' id='word_1_30' title='bbox 1422 585 1682 638; x_wconf 88' lang='lat' dir='ltr'>Sedlmayero</span> <span class='ocrx_word' id='word_1_31' title='bbox 1713 597 1811 637; x_wconf 92' lang='lat' dir='ltr'>opus</span> 
     </span>
     <span class='ocr_line' id='line_1_6' title="bbox 314 654 1807 708; baseline -0.002 -11"><span class='ocrx_word' id='word_1_32' title='bbox 314 655 562 703; x_wconf 89' lang='lat' dir='ltr'>absolueret,</span> <span class='ocrx_word' id='word_1_33' title='bbox 595 656 665 708; x_wconf 92' lang='lat' dir='ltr'>qui</span> <span class='ocrx_word' id='word_1_34' title='bbox 687 668 774 696; x_wconf 91' lang='lat' dir='ltr'>rem</span> <span class='ocrx_word' id='word_1_35' title='bbox 796 656 916 696; x_wconf 84' lang='lat' dir='ltr'>tanta</span> <span class='ocrx_word' id='word_1_36' title='bbox 938 658 977 697; x_wconf 90' lang='lat' dir='ltr'>et</span> <span class='ocrx_word' id='word_1_37' title='bbox 999 654 1220 708; x_wconf 76' lang='lat' dir='ltr'>diligentia</span> <span class='ocrx_word' id='word_1_38' title='bbox 1242 655 1282 695; x_wconf 91' lang='lat' dir='ltr'>et</span> <span class='ocrx_word' id='word_1_39' title='bbox 1306 667 1444 695; x_wconf 89' lang='lat' dir='ltr'>rerum</span> <span class='ocrx_word' id='word_1_40' title='bbox 1467 654 1616 708; x_wconf 86' lang='lat' dir='ltr'>peritia</span> <span class='ocrx_word' id='word_1_41' title='bbox 1638 654 1807 707; x_wconf 87' lang='lat' dir='ltr'>peregit,</span> 
     </span>
     <span class='ocr_line' id='line_1_7' title="bbox 314 722 1809 776; baseline 0 -11"><span class='ocrx_word' id='word_1_42' title='bbox 314 725 377 772; x_wconf 90' lang='lat' dir='ltr'>ut,</span> <span class='ocrx_word' id='word_1_43' title='bbox 409 723 443 764; x_wconf 92' lang='lat' dir='ltr'>si</span> <span class='ocrx_word' id='word_1_44' title='bbox 466 723 562 776; x_wconf 88' lang='lat' dir='ltr'>quid</span> <span class='ocrx_word' id='word_1_45' title='bbox 596 723 638 764; x_wconf 92' lang='lat' dir='ltr'>in</span> <span class='ocrx_word' id='word_1_46' title='bbox 669 724 809 765; x_wconf 88' lang='lat' dir='ltr'>nostra</span> <span class='ocrx_word' id='word_1_47' title='bbox 841 724 1020 765; x_wconf 72' lang='lat' dir='ltr'>editione</span> <span class='ocrx_word' id='word_1_48' title='bbox 1052 723 1171 765; x_wconf 89' lang='lat' dir='ltr'>laude</span> <span class='ocrx_word' id='word_1_49' title='bbox 1203 723 1375 776; x_wconf 90' lang='lat' dir='ltr'>dignum</span> <span class='ocrx_word' id='word_1_50' title='bbox 1407 722 1626 772; x_wconf 89' lang='lat' dir='ltr'>uidebitur,</span> <span class='ocrx_word' id='word_1_51' title='bbox 1658 735 1809 776; x_wconf 83' lang='lat' dir='ltr'>magna</span> 
     </span>
     <span class='ocr_line' id='line_1_8' title="bbox 315 792 1117 845; baseline -0.001 -12"><span class='ocrx_word' id='word_1_52' title='bbox 315 805 360 834; x_wconf 81' lang='lat' dir='ltr'>ex</span> <span class='ocrx_word' id='word_1_53' title='bbox 391 793 507 845; x_wconf 90' lang='lat' dir='ltr'>parte</span> <span class='ocrx_word' id='word_1_54' title='bbox 539 792 602 834; x_wconf 91' lang='lat' dir='ltr'>illi</span> <span class='ocrx_word' id='word_1_55' title='bbox 634 795 847 845; x_wconf 88' lang='lat' dir='ltr'>acceptum</span> <span class='ocrx_word' id='word_1_56' title='bbox 879 792 1117 834; x_wconf 87' lang='lat' dir='ltr'>referamus.</span> 
     </span>
    </p>

    <p class='ocr_par' dir='ltr' id='par_1_4' title="bbox 314 859 1815 1121">
     <span class='ocr_line' id='line_1_9' title="bbox 372 859 1815 914; baseline 0 -14"><span class='ocrx_word' id='word_1_57' title='bbox 372 859 419 900; x_wconf 91' lang='lat' dir='ltr'>In</span> <span class='ocrx_word' id='word_1_58' title='bbox 441 860 657 902; x_wconf 88' lang='lat' dir='ltr'>collatione</span> <span class='ocrx_word' id='word_1_59' title='bbox 690 860 768 901; x_wconf 89' lang='lat' dir='ltr'>Pii</span> <span class='ocrx_word' id='word_1_60' title='bbox 790 860 974 902; x_wconf 88' lang='lat' dir='ltr'>Knoell</span> <span class='ocrx_word' id='word_1_61' title='bbox 1005 872 1083 901; x_wconf 89' lang='lat' dir='ltr'>non</span> <span class='ocrx_word' id='word_1_62' title='bbox 1115 860 1254 901; x_wconf 88' lang='lat' dir='ltr'>inueni</span> <span class='ocrx_word' id='word_1_63' title='bbox 1287 860 1603 914; x_wconf 80' lang='lat' dir='ltr'>capitulationes</span> <span class='ocrx_word' id='word_1_64' title='bbox 1635 860 1815 901; x_wconf 87' lang='lat' dir='ltr'>instruc-</span> 
     </span>
     <span class='ocr_line' id='line_1_10' title="bbox 316 927 1813 982; baseline 0 -13"><span class='ocrx_word' id='word_1_65' title='bbox 316 928 475 970; x_wconf 83' lang='lat' dir='ltr'>tionum</span> <span class='ocrx_word' id='word_1_66' title='bbox 492 927 560 980; x_wconf 59' lang='grc' dir='ltr'>αἱ’).</span> <span class='ocrx_word' id='word_1_67' title='bbox 595 929 680 970; x_wconf 85' lang='grc' dir='ltr'>Η33</span> <span class='ocrx_word' id='word_1_68' title='bbox 702 933 845 982; x_wconf 89' lang='lat' dir='ltr'>postea</span> <span class='ocrx_word' id='word_1_69' title='bbox 867 929 1124 970; x_wconf 90' lang='lat' dir='ltr'>Henricus</span> <span class='ocrx_word' id='word_1_70' title='bbox 1148 928 1342 979; x_wconf 81' lang='lat' dir='ltr'>Beckh,</span> <span class='ocrx_word' id='word_1_71' title='bbox 1375 929 1532 970; x_wconf 89' lang='lat' dir='ltr'>amicus</span> <span class='ocrx_word' id='word_1_72' title='bbox 1555 942 1681 979; x_wconf 81' lang='lat' dir='ltr'>meus,</span> <span class='ocrx_word' id='word_1_73' title='bbox 1714 930 1813 970; x_wconf 90' lang='lat' dir='ltr'>dum</span> 
     </span>
     <span class='ocr_line' id='line_1_11' title="bbox 316 996 1810 1052; baseline 0.003 -14"><span class='ocrx_word' id='word_1_74' title='bbox 316 998 550 1038; x_wconf 89' lang='lat' dir='ltr'>studiorum</span> <span class='ocrx_word' id='word_1_75' title='bbox 582 1010 703 1039; x_wconf 87' lang='lat' dir='ltr'>causa</span> <span class='ocrx_word' id='word_1_76' title='bbox 734 999 773 1039; x_wconf 90' lang='lat' dir='ltr'>in</span> <span class='ocrx_word' id='word_1_77' title='bbox 806 998 957 1052; x_wconf 88' lang='lat' dir='ltr'>Anglia</span> <span class='ocrx_word' id='word_1_78' title='bbox 988 999 1191 1047; x_wconf 86' lang='lat' dir='ltr'>uersatur,</span> <span class='ocrx_word' id='word_1_79' title='bbox 1225 1000 1371 1052; x_wconf 88' lang='lat' dir='ltr'>rogatu</span> <span class='ocrx_word' id='word_1_80' title='bbox 1403 1010 1493 1039; x_wconf 92' lang='lat' dir='ltr'>meo</span> <span class='ocrx_word' id='word_1_81' title='bbox 1525 1010 1570 1039; x_wconf 83' lang='lat' dir='ltr'>ex</span> <span class='ocrx_word' id='word_1_82' title='bbox 1602 998 1739 1039; x_wconf 87' lang='lat' dir='ltr'>codice</span> <span class='ocrx_word' id='word_1_83' title='bbox 1774 996 1810 1043; x_wconf 87' lang='lat' dir='ltr'>C</span> 
     </span>
     <span class='ocr_line' id='line_1_12' title="bbox 314 1066 750 1121; baseline 0.002 -15"><span class='ocrx_word' id='word_1_84' title='bbox 314 1066 491 1119; x_wconf 86' lang='lat' dir='ltr'>benigne</span> <span class='ocrx_word' id='word_1_85' title='bbox 523 1067 750 1121; x_wconf 81' lang='lat' dir='ltr'>descripsit.</span> 
     </span>
    </p>
   </div>
   <div class='ocr_carea' id='block_1_3' title="bbox 364 1191 1757 1316">
    <p class='ocr_par' dir='ltr' id='par_1_5' title="bbox 364 1191 1757 1316">
     <span class='ocr_line' id='line_1_13' title="bbox 364 1191 1757 1238; baseline 0 -2"><span class='ocrx_word' id='word_1_86' title='bbox 364 1192 435 1236; x_wconf 86' lang='lat' dir='ltr'>De</span> <span class='ocrx_word' id='word_1_87' title='bbox 467 1191 757 1236; x_wconf 87' lang='lat' dir='ltr'>nouissimis</span> <span class='ocrx_word' id='word_1_88' title='bbox 790 1191 1290 1237; x_wconf 82' lang='lat' dir='ltr'>commentationibus</span> <span class='ocrx_word' id='word_1_89' title='bbox 1323 1191 1386 1237; x_wconf 89' lang='lat' dir='ltr'>ad</span> <span class='ocrx_word' id='word_1_90' title='bbox 1419 1191 1757 1238; x_wconf 84' lang='lat' dir='ltr'>Commodiani</span> 
     </span>
     <span class='ocr_line' id='line_1_14' title="bbox 753 1260 1390 1316; baseline 0.002 -11"><span class='ocrx_word' id='word_1_91' title='bbox 753 1260 973 1306; x_wconf 82' lang='lat' dir='ltr'>carmina</span> <span class='ocrx_word' id='word_1_92' title='bbox 1004 1261 1390 1316; x_wconf 80' lang='lat' dir='ltr'>pertinentibus.</span> 
     </span>
    </p>
   </div>
   <div class='ocr_carea' id='block_1_4' title="bbox 317 1351 1816 2773">
    <p class='ocr_par' dir='ltr' id='par_1_6' title="bbox 317 1351 1815 2023">
     <span class='ocr_line' id='line_1_15' title="bbox 375 1351 1815 1406; baseline 0 -13"><span class='ocrx_word' id='word_1_93' title='bbox 375 1351 505 1393; x_wconf 89' lang='lat' dir='ltr'>Nouis</span> <span class='ocrx_word' id='word_1_94' title='bbox 544 1351 794 1394; x_wconf 86' lang='lat' dir='ltr'>lectionibus</span> <span class='ocrx_word' id='word_1_95' title='bbox 835 1352 1182 1394; x_wconf 85' lang='lat' dir='ltr'>Mediomontanis</span> <span class='ocrx_word' id='word_1_96' title='bbox 1223 1355 1378 1406; x_wconf 89' lang='lat' dir='ltr'>primus</span> <span class='ocrx_word' id='word_1_97' title='bbox 1419 1365 1515 1394; x_wconf 90' lang='lat' dir='ltr'>usus</span> <span class='ocrx_word' id='word_1_98' title='bbox 1547 1353 1608 1394; x_wconf 87' lang='lat' dir='ltr'>est</span> <span class='ocrx_word' id='word_1_99' title='bbox 1637 1352 1815 1394; x_wconf 85' lang='lat' dir='ltr'>Fride-</span> 
     </span>
     <span class='ocr_line' id='line_1_16' title="bbox 321 1420 1809 1475; baseline 0 -14"><span class='ocrx_word' id='word_1_100' title='bbox 321 1420 460 1462; x_wconf 86' lang='lat' dir='ltr'>ricus</span> <span class='ocrx_word' id='word_1_101' title='bbox 482 1421 738 1472; x_wconf 88' lang='lat' dir='ltr'>Hanssen,</span> <span class='ocrx_word' id='word_1_102' title='bbox 774 1421 842 1474; x_wconf 92' lang='lat' dir='ltr'>qui</span> <span class='ocrx_word' id='word_1_103' title='bbox 864 1422 905 1462; x_wconf 92' lang='lat' dir='ltr'>in</span> <span class='ocrx_word' id='word_1_104' title='bbox 928 1422 1272 1463; x_wconf 80' lang='lat' dir='ltr'>commentatione</span> <span class='ocrx_word' id='word_1_105' title='bbox 1295 1421 1472 1475; x_wconf 88' lang='lat' dir='ltr'>egregia,</span> <span class='ocrx_word' id='word_1_106' title='bbox 1505 1434 1629 1474; x_wconf 87' lang='lat' dir='ltr'>quam</span> <span class='ocrx_word' id='word_1_107' title='bbox 1651 1423 1697 1462; x_wconf 89' lang='lat' dir='ltr'>de</span> <span class='ocrx_word' id='word_1_108' title='bbox 1721 1423 1809 1462; x_wconf 91' lang='lat' dir='ltr'>arte</span> 
     </span>
     <span class='ocr_line' id='line_1_17' title="bbox 320 1489 1811 1544; baseline 0 -14"><span class='ocrx_word' id='word_1_109' title='bbox 320 1490 491 1531; x_wconf 90' lang='lat' dir='ltr'>metrica</span> <span class='ocrx_word' id='word_1_110' title='bbox 508 1489 794 1531; x_wconf 85' lang='lat' dir='ltr'>Commodiani</span> <span class='ocrx_word' id='word_1_111' title='bbox 817 1490 947 1531; x_wconf 90' lang='lat' dir='ltr'>edidit</span> <span class='ocrx_word' id='word_1_112' title='bbox 963 1491 1246 1544; x_wconf 84' lang='lat' dir='ltr'>(Argentorati</span> <span class='ocrx_word' id='word_1_113' title='bbox 1268 1491 1375 1543; x_wconf 86' lang='lat' dir='ltr'>apud</span> <span class='ocrx_word' id='word_1_114' title='bbox 1395 1489 1585 1531; x_wconf 89' lang='lat' dir='ltr'>Carolum</span> <span class='ocrx_word' id='word_1_115' title='bbox 1602 1490 1642 1532; x_wconf 82' lang='lat' dir='ltr'>J.</span> <span class='ocrx_word' id='word_1_116' title='bbox 1661 1489 1811 1531; x_wconf 86' lang='lat' dir='ltr'>Trueb-</span> 
     </span>
     <span class='ocr_line' id='line_1_18' title="bbox 320 1557 1809 1611; baseline -0.001 -12"><span class='ocrx_word' id='word_1_117' title='bbox 320 1571 403 1599; x_wconf 91' lang='lat' dir='ltr'>ner.</span> <span class='ocrx_word' id='word_1_118' title='bbox 447 1557 836 1610; x_wconf 85' lang='lat' dir='ltr'>MDCCCLXXXI)‚</span> <span class='ocrx_word' id='word_1_119' title='bbox 878 1559 1095 1611; x_wconf 80' lang='lat' dir='ltr'>postquam</span> <span class='ocrx_word' id='word_1_120' title='bbox 1128 1558 1355 1600; x_wconf 90' lang='lat' dir='ltr'>collationis</span> <span class='ocrx_word' id='word_1_121' title='bbox 1389 1571 1516 1600; x_wconf 89' lang='lat' dir='ltr'>nouae</span> <span class='ocrx_word' id='word_1_122' title='bbox 1549 1559 1586 1599; x_wconf 87' lang='lat' dir='ltr'>ei</span> <span class='ocrx_word' id='word_1_123' title='bbox 1617 1571 1663 1599; x_wconf 79' lang='lat' dir='ltr'>ex</span> <span class='ocrx_word' id='word_1_124' title='bbox 1693 1558 1809 1611; x_wconf 88' lang='lat' dir='ltr'>parte</span> 
     </span>
     <span class='ocr_line' id='line_1_19' title="bbox 318 1626 1812 1679; baseline -0.001 -12"><span class='ocrx_word' id='word_1_125' title='bbox 318 1626 433 1678; x_wconf 87' lang='lat' dir='ltr'>copia</span> <span class='ocrx_word' id='word_1_126' title='bbox 465 1626 575 1667; x_wconf 87' lang='lat' dir='ltr'>facta</span> <span class='ocrx_word' id='word_1_127' title='bbox 607 1628 681 1677; x_wconf 88' lang='lat' dir='ltr'>est,</span> <span class='ocrx_word' id='word_1_128' title='bbox 714 1627 942 1679; x_wconf 89' lang='lat' dir='ltr'>permultos</span> <span class='ocrx_word' id='word_1_129' title='bbox 973 1626 1083 1668; x_wconf 89' lang='lat' dir='ltr'>locos</span> <span class='ocrx_word' id='word_1_130' title='bbox 1114 1628 1292 1668; x_wconf 87' lang='lat' dir='ltr'>sanauit.</span> <span class='ocrx_word' id='word_1_131' title='bbox 1357 1627 1466 1668; x_wconf 87' lang='lat' dir='ltr'>Idem</span> <span class='ocrx_word' id='word_1_132' title='bbox 1498 1626 1572 1668; x_wconf 90' lang='lat' dir='ltr'>illa</span> <span class='ocrx_word' id='word_1_133' title='bbox 1604 1638 1812 1667; x_wconf 89' lang='lat' dir='ltr'>commen-</span> 
     </span>
     <span class='ocr_line' id='line_1_20' title="bbox 318 1694 1813 1749; baseline 0.001 -14"><span class='ocrx_word' id='word_1_134' title='bbox 318 1696 475 1736; x_wconf 89' lang='lat' dir='ltr'>tatione</span> <span class='ocrx_word' id='word_1_135' title='bbox 508 1695 728 1736; x_wconf 88' lang='lat' dir='ltr'>ostendens</span> <span class='ocrx_word' id='word_1_136' title='bbox 762 1694 1045 1737; x_wconf 87' lang='lat' dir='ltr'>Commodiani</span> <span class='ocrx_word' id='word_1_137' title='bbox 1075 1708 1239 1746; x_wconf 82' lang='lat' dir='ltr'>uersus,</span> <span class='ocrx_word' id='word_1_138' title='bbox 1288 1696 1356 1749; x_wconf 89' lang='lat' dir='ltr'>qui</span> <span class='ocrx_word' id='word_1_139' title='bbox 1394 1699 1435 1737; x_wconf 94' lang='lat' dir='ltr'>et</span> <span class='ocrx_word' id='word_1_140' title='bbox 1472 1695 1564 1737; x_wconf 90' lang='lat' dir='ltr'>aliis</span> <span class='ocrx_word' id='word_1_141' title='bbox 1596 1694 1741 1736; x_wconf 91' lang='lat' dir='ltr'>multis</span> <span class='ocrx_word' id='word_1_142' title='bbox 1773 1696 1813 1736; x_wconf 91' lang='lat' dir='ltr'>et</span> 
     </span>
     <span class='ocr_line' id='line_1_21' title="bbox 317 1763 1813 1816; baseline -0.001 -11"><span class='ocrx_word' id='word_1_143' title='bbox 317 1763 421 1805; x_wconf 90' lang='lat' dir='ltr'>mihi</span> <span class='ocrx_word' id='word_1_144' title='bbox 453 1763 530 1816; x_wconf 91' lang='lat' dir='ltr'>ipsi</span> <span class='ocrx_word' id='word_1_145' title='bbox 563 1776 685 1816; x_wconf 86' lang='lat' dir='ltr'>prope</span> <span class='ocrx_word' id='word_1_146' title='bbox 717 1764 831 1805; x_wconf 93' lang='lat' dir='ltr'>nullo</span> <span class='ocrx_word' id='word_1_147' title='bbox 871 1767 980 1805; x_wconf 88' lang='lat' dir='ltr'>certo</span> <span class='ocrx_word' id='word_1_148' title='bbox 1021 1764 1162 1805; x_wconf 88' lang='lat' dir='ltr'>ordine</span> <span class='ocrx_word' id='word_1_149' title='bbox 1201 1764 1326 1806; x_wconf 90' lang='lat' dir='ltr'>fluere</span> <span class='ocrx_word' id='word_1_150' title='bbox 1365 1764 1627 1812; x_wconf 88' lang='lat' dir='ltr'>uidebantur,</span> <span class='ocrx_word' id='word_1_151' title='bbox 1674 1767 1813 1805; x_wconf 88' lang='lat' dir='ltr'>tamen-</span> 
     </span>
     <span class='ocr_line' id='line_1_22' title="bbox 317 1832 1810 1886; baseline 0.001 -14"><span class='ocrx_word' id='word_1_152' title='bbox 317 1832 480 1886; x_wconf 88' lang='lat' dir='ltr'>legibus</span> <span class='ocrx_word' id='word_1_153' title='bbox 511 1832 759 1884; x_wconf 87' lang='lat' dir='ltr'>quibusdam</span> <span class='ocrx_word' id='word_1_154' title='bbox 799 1833 929 1873; x_wconf 87' lang='lat' dir='ltr'>teneri</span> <span class='ocrx_word' id='word_1_155' title='bbox 970 1834 1116 1874; x_wconf 88' lang='lat' dir='ltr'>ceteris</span> <span class='ocrx_word' id='word_1_156' title='bbox 1148 1845 1307 1886; x_wconf 88' lang='lat' dir='ltr'>quoque</span> <span class='ocrx_word' id='word_1_157' title='bbox 1345 1833 1600 1886; x_wconf 87' lang='lat' dir='ltr'>probabilem</span> <span class='ocrx_word' id='word_1_158' title='bbox 1640 1833 1810 1874; x_wconf 88' lang='lat' dir='ltr'>rationis</span> 
     </span>
     <span class='ocr_line' id='line_1_23' title="bbox 318 1900 1806 1955; baseline -0.001 -14"><span class='ocrx_word' id='word_1_159' title='bbox 318 1902 510 1942; x_wconf 88' lang='lat' dir='ltr'>metricae</span> <span class='ocrx_word' id='word_1_160' title='bbox 532 1913 718 1942; x_wconf 87' lang='lat' dir='ltr'>normam</span> <span class='ocrx_word' id='word_1_161' title='bbox 745 1901 970 1955; x_wconf 85' lang='lat' dir='ltr'>proposuit,</span> <span class='ocrx_word' id='word_1_162' title='bbox 1003 1902 1054 1942; x_wconf 89' lang='lat' dir='ltr'>ad</span> <span class='ocrx_word' id='word_1_163' title='bbox 1087 1914 1209 1955; x_wconf 89' lang='lat' dir='ltr'>quam</span> <span class='ocrx_word' id='word_1_164' title='bbox 1241 1901 1482 1943; x_wconf 86' lang='lat' dir='ltr'>recensendi</span> <span class='ocrx_word' id='word_1_165' title='bbox 1514 1913 1678 1954; x_wconf 86' lang='lat' dir='ltr'>operam</span> <span class='ocrx_word' id='word_1_166' title='bbox 1711 1900 1806 1941; x_wconf 91' lang='lat' dir='ltr'>diri-</span> 
     </span>
     <span class='ocr_line' id='line_1_24' title="bbox 319 1971 475 2023; baseline 0.006 -13"><span class='ocrx_word' id='word_1_167' title='bbox 319 1971 475 2023; x_wconf 86' lang='lat' dir='ltr'>gerent.</span> 
     </span>
    </p>

    <p class='ocr_par' dir='ltr' id='par_1_7' title="bbox 319 2037 1816 2431">
     <span class='ocr_line' id='line_1_25' title="bbox 374 2037 1816 2093; baseline 0 -15"><span class='ocrx_word' id='word_1_168' title='bbox 374 2038 618 2091; x_wconf 88' lang='lat' dir='ltr'>Nuperrime</span> <span class='ocrx_word' id='word_1_169' title='bbox 635 2038 684 2079; x_wconf 91' lang='lat' dir='ltr'>de</span> <span class='ocrx_word' id='word_1_170' title='bbox 702 2037 995 2080; x_wconf 89' lang='lat' dir='ltr'>Commodiano</span> <span class='ocrx_word' id='word_1_171' title='bbox 1013 2037 1085 2080; x_wconf 81' lang='lat' dir='ltr'>Gu</span> <span class='ocrx_word' id='word_1_172' title='bbox 1099 2038 1136 2079; x_wconf 93' lang='lat' dir='ltr'>il</span> <span class='ocrx_word' id='word_1_173' title='bbox 1150 2040 1194 2080; x_wconf 90' lang='lat' dir='ltr'>el</span> <span class='ocrx_word' id='word_1_174' title='bbox 1207 2052 1247 2079; x_wconf 91' lang='lat' dir='ltr'>m</span> <span class='ocrx_word' id='word_1_175' title='bbox 1259 2053 1284 2080; x_wconf 92' lang='lat' dir='ltr'>u</span> <span class='ocrx_word' id='word_1_176' title='bbox 1296 2052 1314 2080; x_wconf 91' lang='lat' dir='ltr'>s</span> <span class='ocrx_word' id='word_1_177' title='bbox 1331 2040 1376 2080; x_wconf 92' lang='lat' dir='ltr'>M</span> <span class='ocrx_word' id='word_1_178' title='bbox 1389 2052 1408 2080; x_wconf 92' lang='lat' dir='ltr'>e</span> <span class='ocrx_word' id='word_1_179' title='bbox 1420 2052 1504 2093; x_wconf 85' lang='lat' dir='ltr'>yer</span> <span class='ocrx_word' id='word_1_180' title='bbox 1525 2039 1627 2080; x_wconf 88' lang='lat' dir='ltr'>bene</span> <span class='ocrx_word' id='word_1_181' title='bbox 1644 2038 1816 2079; x_wconf 88' lang='lat' dir='ltr'>meritus</span> 
     </span>
     <span class='ocr_line' id='line_1_26' title="bbox 320 2105 1813 2160; baseline 0 -14"><span class='ocrx_word' id='word_1_182' title='bbox 320 2108 392 2147; x_wconf 87' lang='lat' dir='ltr'>est.</span> <span class='ocrx_word' id='word_1_183' title='bbox 454 2106 494 2146; x_wconf 90' lang='lat' dir='ltr'>Is</span> <span class='ocrx_word' id='word_1_184' title='bbox 526 2107 568 2146; x_wconf 93' lang='lat' dir='ltr'>in</span> <span class='ocrx_word' id='word_1_185' title='bbox 600 2105 957 2157; x_wconf 80' lang='lat' dir='ltr'>commentatione,</span> <span class='ocrx_word' id='word_1_186' title='bbox 999 2119 1100 2159; x_wconf 90' lang='lat' dir='ltr'>quae</span> <span class='ocrx_word' id='word_1_187' title='bbox 1130 2107 1369 2148; x_wconf 87' lang='lat' dir='ltr'>inscribitur</span> <span class='ocrx_word' id='word_1_188' title='bbox 1402 2105 1587 2160; x_wconf 75' lang='lat' dir='ltr'>‘Anfang</span> <span class='ocrx_word' id='word_1_189' title='bbox 1617 2108 1700 2147; x_wconf 88' lang='lat' dir='ltr'>und</span> <span class='ocrx_word' id='word_1_190' title='bbox 1731 2105 1813 2147; x_wconf 90' lang='lat' dir='ltr'>Ur-</span> 
     </span>
     <span class='ocr_line' id='line_1_27' title="bbox 319 2173 1813 2229; baseline 0.001 -16"><span class='ocrx_word' id='word_1_191' title='bbox 319 2185 475 2226; x_wconf 82' lang='lat' dir='ltr'>sprung</span> <span class='ocrx_word' id='word_1_192' title='bbox 508 2173 578 2214; x_wconf 85' lang='lat' dir='ltr'>der</span> <span class='ocrx_word' id='word_1_193' title='bbox 619 2174 892 2215; x_wconf 88' lang='lat' dir='ltr'>lateinischen</span> <span class='ocrx_word' id='word_1_194' title='bbox 935 2175 1017 2215; x_wconf 90' lang='lat' dir='ltr'>und</span> <span class='ocrx_word' id='word_1_195' title='bbox 1054 2175 1337 2228; x_wconf 87' lang='lat' dir='ltr'>griechischen</span> <span class='ocrx_word' id='word_1_196' title='bbox 1368 2175 1653 2229; x_wconf 85' lang='lat' dir='ltr'>rythmischen</span> <span class='ocrx_word' id='word_1_197' title='bbox 1686 2173 1813 2215; x_wconf 89' lang='lat' dir='ltr'>Dich-</span> 
     </span>
     <span class='ocr_line' id='line_1_28' title="bbox 319 2240 1810 2295; baseline -0.001 -13"><span class='ocrx_word' id='word_1_198' title='bbox 319 2240 440 2295; x_wconf 86' lang='lat' dir='ltr'>tung&#39;</span> <span class='ocrx_word' id='word_1_199' title='bbox 461 2240 530 2294; x_wconf 84' lang='lat'>3⁰),</span> <span class='ocrx_word' id='word_1_200' title='bbox 563 2243 648 2294; x_wconf 85' lang='lat' dir='ltr'>ipse</span> <span class='ocrx_word' id='word_1_201' title='bbox 679 2255 837 2295; x_wconf 89' lang='lat' dir='ltr'>quoque</span> <span class='ocrx_word' id='word_1_202' title='bbox 862 2243 910 2283; x_wconf 92' lang='lat' dir='ltr'>de</span> <span class='ocrx_word' id='word_1_203' title='bbox 933 2255 1128 2284; x_wconf 90' lang='lat' dir='ltr'>uersuum</span> <span class='ocrx_word' id='word_1_204' title='bbox 1161 2242 1444 2286; x_wconf 87' lang='lat' dir='ltr'>Commodiani</span> <span class='ocrx_word' id='word_1_205' title='bbox 1476 2246 1684 2285; x_wconf 86' lang='lat' dir='ltr'>structura</span> <span class='ocrx_word' id='word_1_206' title='bbox 1714 2242 1810 2295; x_wconf 77' lang='lat' dir='ltr'>egit,</span> 
     </span>
     <span class='ocr_line' id='line_1_29' title="bbox 319 2309 1812 2365; baseline -0.001 -14"><span class='ocrx_word' id='word_1_207' title='bbox 319 2311 512 2351; x_wconf 83' lang='lat' dir='ltr'>carminis</span> <span class='ocrx_word' id='word_1_208' title='bbox 560 2312 804 2365; x_wconf 85' lang='lat' dir='ltr'>apologetici</span> <span class='ocrx_word' id='word_1_209' title='bbox 850 2311 1113 2365; x_wconf 89' lang='lat' dir='ltr'>potissimum</span> <span class='ocrx_word' id='word_1_210' title='bbox 1160 2312 1318 2354; x_wconf 86' lang='lat' dir='ltr'>ratione</span> <span class='ocrx_word' id='word_1_211' title='bbox 1360 2313 1516 2363; x_wconf 87' lang='lat' dir='ltr'>habita,</span> <span class='ocrx_word' id='word_1_212' title='bbox 1565 2311 1661 2365; x_wconf 90' lang='lat' dir='ltr'>quia</span> <span class='ocrx_word' id='word_1_213' title='bbox 1706 2309 1812 2351; x_wconf 91' lang='lat' dir='ltr'>illud</span> 
     </span>
     <span class='ocr_line' id='line_1_30' title="bbox 321 2378 1408 2431; baseline 0.003 -12"><span class='ocrx_word' id='word_1_214' title='bbox 321 2378 456 2419; x_wconf 89' lang='lat' dir='ltr'>minus</span> <span class='ocrx_word' id='word_1_215' title='bbox 479 2391 600 2431; x_wconf 90' lang='lat' dir='ltr'>quam</span> <span class='ocrx_word' id='word_1_216' title='bbox 632 2380 923 2420; x_wconf 87' lang='lat' dir='ltr'>instructiones</span> <span class='ocrx_word' id='word_1_217' title='bbox 956 2381 1114 2422; x_wconf 89' lang='lat' dir='ltr'>mendis</span> <span class='ocrx_word' id='word_1_218' title='bbox 1147 2381 1408 2422; x_wconf 86' lang='lat' dir='ltr'>deformatur.</span> 
     </span>
    </p>

    <p class='ocr_par' dir='ltr' id='par_1_8' title="bbox 319 2447 1816 2773">
     <span class='ocr_line' id='line_1_31' title="bbox 377 2447 1816 2503; baseline 0 -15"><span class='ocrx_word' id='word_1_219' title='bbox 377 2447 469 2488; x_wconf 87' lang='lat' dir='ltr'>Illic</span> <span class='ocrx_word' id='word_1_220' title='bbox 502 2460 593 2488; x_wconf 89' lang='lat' dir='ltr'>cum</span> <span class='ocrx_word' id='word_1_221' title='bbox 626 2449 706 2489; x_wconf 83' lang='lat' dir='ltr'>alia</span> <span class='ocrx_word' id='word_1_222' title='bbox 737 2449 871 2489; x_wconf 92' lang='lat' dir='ltr'>multa</span> <span class='ocrx_word' id='word_1_223' title='bbox 910 2450 1027 2490; x_wconf 89' lang='lat' dir='ltr'>acute</span> <span class='ocrx_word' id='word_1_224' title='bbox 1066 2449 1315 2502; x_wconf 69' lang='lat' dir='ltr'>fflsputauit,</span> <span class='ocrx_word' id='word_1_225' title='bbox 1362 2451 1451 2491; x_wconf 90' lang='lat' dir='ltr'>tum</span> <span class='ocrx_word' id='word_1_226' title='bbox 1483 2450 1615 2503; x_wconf 85' lang='lat' dir='ltr'>legem</span> <span class='ocrx_word' id='word_1_227' title='bbox 1648 2448 1698 2489; x_wconf 88' lang='lat' dir='ltr'>ab</span> <span class='ocrx_word' id='word_1_228' title='bbox 1730 2449 1816 2501; x_wconf 91' lang='lat' dir='ltr'>ipso</span> 
     </span>
     <span class='ocr_line' id='line_1_32' title="bbox 320 2516 1815 2571; baseline 0 -15"><span class='ocrx_word' id='word_1_229' title='bbox 320 2516 450 2568; x_wconf 89' lang='lat' dir='ltr'>primo</span> <span class='ocrx_word' id='word_1_230' title='bbox 497 2519 751 2569; x_wconf 86' lang='lat' dir='ltr'>perspectam</span> <span class='ocrx_word' id='word_1_231' title='bbox 792 2519 986 2570; x_wconf 88' lang='lat' dir='ltr'>protulit,</span> <span class='ocrx_word' id='word_1_232' title='bbox 1033 2532 1157 2571; x_wconf 88' lang='lat' dir='ltr'>quam</span> <span class='ocrx_word' id='word_1_233' title='bbox 1190 2522 1352 2560; x_wconf 88' lang='lat' dir='ltr'>secutus</span> <span class='ocrx_word' id='word_1_234' title='bbox 1385 2518 1698 2560; x_wconf 88' lang='lat' dir='ltr'>Commodianus</span> <span class='ocrx_word' id='word_1_235' title='bbox 1729 2518 1815 2557; x_wconf 92' lang='lat' dir='ltr'>toto</span> 
     </span>
     <span class='ocr_line' id='line_1_33' title="bbox 320 2584 1816 2641; baseline 0 -17"><span class='ocrx_word' id='word_1_236' title='bbox 320 2585 405 2624; x_wconf 84' lang='lat' dir='ltr'>fere</span> <span class='ocrx_word' id='word_1_237' title='bbox 450 2586 628 2626; x_wconf 87' lang='lat' dir='ltr'>carmine</span> <span class='ocrx_word' id='word_1_238' title='bbox 675 2586 785 2627; x_wconf 91' lang='lat' dir='ltr'>binis</span> <span class='ocrx_word' id='word_1_239' title='bbox 825 2587 1011 2628; x_wconf 89' lang='lat' dir='ltr'>uersibus</span> <span class='ocrx_word' id='word_1_240' title='bbox 1054 2588 1238 2641; x_wconf 84' lang='lat' dir='ltr'>singulas</span> <span class='ocrx_word' id='word_1_241' title='bbox 1274 2587 1499 2629; x_wconf 87' lang='lat' dir='ltr'>sententias</span> <span class='ocrx_word' id='word_1_242' title='bbox 1533 2584 1816 2628; x_wconf 87' lang='lat' dir='ltr'>concludebat.</span> 
     </span>
     <span class='ocr_line' id='line_1_34' title="bbox 319 2651 1816 2709; baseline 0.002 -17"><span class='ocrx_word' id='word_1_243' title='bbox 319 2651 409 2692; x_wconf 87' lang='lat' dir='ltr'>Hoc</span> <span class='ocrx_word' id='word_1_244' title='bbox 441 2651 631 2695; x_wconf 87' lang='lat' dir='ltr'>Columbi</span> <span class='ocrx_word' id='word_1_245' title='bbox 670 2655 874 2706; x_wconf 85' lang='lat' dir='ltr'>quoddam</span> <span class='ocrx_word' id='word_1_246' title='bbox 907 2667 1030 2696; x_wconf 86' lang='lat' dir='ltr'>ouum</span> <span class='ocrx_word' id='word_1_247' title='bbox 1063 2660 1167 2705; x_wconf 82' lang='lat' dir='ltr'>erat;</span> <span class='ocrx_word' id='word_1_248' title='bbox 1216 2669 1309 2697; x_wconf 89' lang='lat' dir='ltr'>nam</span> <span class='ocrx_word' id='word_1_249' title='bbox 1349 2658 1453 2709; x_wconf 90' lang='lat' dir='ltr'>quod</span> <span class='ocrx_word' id='word_1_250' title='bbox 1493 2668 1597 2696; x_wconf 90' lang='lat' dir='ltr'>unus</span> <span class='ocrx_word' id='word_1_251' title='bbox 1642 2654 1816 2704; x_wconf 87' lang='lat' dir='ltr'>inuenit,</span> 
     </span>
     <span class='ocr_line' id='line_1_35' title="bbox 322 2720 1816 2773; baseline 0.002 -14"><span class='ocrx_word' id='word_1_252' title='bbox 322 2720 376 2766; x_wconf 89' lang='lat' dir='ltr'>id,</span> <span class='ocrx_word' id='word_1_253' title='bbox 409 2724 622 2772; x_wconf 85' lang='lat' dir='ltr'>postquam</span> <span class='ocrx_word' id='word_1_254' title='bbox 656 2722 872 2763; x_wconf 89' lang='lat' dir='ltr'>inuentum</span> <span class='ocrx_word' id='word_1_255' title='bbox 904 2724 982 2773; x_wconf 80' lang='lat' dir='ltr'>est,</span> <span class='ocrx_word' id='word_1_256' title='bbox 1030 2726 1116 2765; x_wconf 88' lang='lat' dir='ltr'>tam</span> <span class='ocrx_word' id='word_1_257' title='bbox 1148 2724 1267 2765; x_wconf 86' lang='lat' dir='ltr'>facile</span> <span class='ocrx_word' id='word_1_258' title='bbox 1299 2724 1515 2765; x_wconf 89' lang='lat' dir='ltr'>intellectu</span> <span class='ocrx_word' id='word_1_259' title='bbox 1547 2723 1730 2770; x_wconf 81' lang='lat' dir='ltr'>uidetur,</span> <span class='ocrx_word' id='word_1_260' title='bbox 1771 2723 1816 2763; x_wconf 91' lang='lat' dir='ltr'>ut</span> 
     </span>
    </p>
   </div>
   <div class='ocr_carea' id='block_1_5' title="bbox 381 2797 1782 2924">
    <p class='ocr_par' dir='ltr' id='par_1_9' title="bbox 381 2797 1782 2924">
     <span class='ocr_line' id='line_1_36' title="bbox 381 2797 1194 2868; baseline 0.001 -13"><span class='ocrx_word' id='word_1_261' title='bbox 381 2821 418 2859; x_wconf 72' lang='lat'>²⁹)</span> <span class='ocrx_word' id='word_1_262' title='bbox 447 2822 501 2856; x_wconf 83' lang='lat' dir='ltr'>Cf.</span> <span class='ocrx_word' id='word_1_263' title='bbox 527 2797 694 2856; x_wconf 47' lang='lat' dir='ltr'>&amp;Timonis</span> <span class='ocrx_word' id='word_1_264' title='bbox 722 2827 861 2857; x_wconf 77' lang='lat' dir='ltr'>nostrae</span> <span class='ocrx_word' id='word_1_265' title='bbox 885 2836 917 2868; x_wconf 89' lang='lat' dir='ltr'>p.</span> <span class='ocrx_word' id='word_1_266' title='bbox 944 2826 964 2858; x_wconf 84' lang='lat'>3</span> <span class='ocrx_word' id='word_1_267' title='bbox 990 2836 1050 2868; x_wconf 62' lang='lat' dir='ltr'>sq„</span> <span class='ocrx_word' id='word_1_268' title='bbox 1077 2826 1120 2859; x_wconf 80' lang='lat'>56</span> <span class='ocrx_word' id='word_1_269' title='bbox 1146 2835 1194 2868; x_wconf 88' lang='lat' dir='ltr'>sq.</span> 
     </span>
     <span class='ocr_line' id='line_1_37' title="bbox 382 2878 1782 2924; baseline 0.002 -14"><span class='ocrx_word' id='word_1_270' title='bbox 382 2878 419 2917; x_wconf 73' lang='lat'>³⁰)</span> <span class='ocrx_word' id='word_1_271' title='bbox 447 2878 623 2912; x_wconf 75' lang='lat' dir='ltr'>Abliaudl.</span> <span class='ocrx_word' id='word_1_272' title='bbox 651 2880 680 2912; x_wconf 89' lang='lat' dir='ltr'>d.</span> <span class='ocrx_word' id='word_1_273' title='bbox 709 2880 741 2912; x_wconf 79' lang='lat' dir='ltr'>k.</span> <span class='ocrx_word' id='word_1_274' title='bbox 768 2880 883 2923; x_wconf 76' lang='lat' dir='ltr'>bayer.</span> <span class='ocrx_word' id='word_1_275' title='bbox 910 2881 1022 2914; x_wconf 83' lang='lat' dir='ltr'>Akad.</span> <span class='ocrx_word' id='word_1_276' title='bbox 1049 2881 1080 2914; x_wconf 89' lang='lat' dir='ltr'>d.</span> <span class='ocrx_word' id='word_1_277' title='bbox 1111 2881 1210 2914; x_wconf 78' lang='lat' dir='ltr'>Wiss.</span> <span class='ocrx_word' id='word_1_278' title='bbox 1238 2882 1352 2915; x_wconf 80' lang='lat' dir='ltr'>XVII.</span> <span class='ocrx_word' id='word_1_279' title='bbox 1380 2882 1490 2922; x_wconf 71' lang='lat'>(1885)</span> <span class='ocrx_word' id='word_1_280' title='bbox 1520 2893 1550 2924; x_wconf 87' lang='lat' dir='ltr'>p.</span> <span class='ocrx_word' id='word_1_281' title='bbox 1577 2880 1782 2915; x_wconf 72' lang='lat'>288—307.</span> 
     </span>
    </p>
   </div>
   <div class='ocr_carea' id='block_1_6' title="bbox 421 2797 527 2799">
    <p class='ocr_par' dir='ltr' id='par_1_10' title="bbox 421 2797 527 2799">
     <span class='ocr_line' id='line_1_38' title="bbox 421 2797 527 2799; baseline 0 0"><span class='ocrx_word' id='word_1_282' title='bbox 421 2797 527 2799; x_wconf 95' lang='lat' dir='ltr'> </span> 
     </span>
    </p>
   </div>
  </div>
 </body>
</html>
