1934 3278
465 237 518 271 De
544 249 614 271 non
640 237 814 281 parcendo
839 237 876 271 in
900 236 1003 271 deum
1028 236 1322 282 delinquentibus.
1566 237 1649 280 239

145 366 297 407 derunt
328 377 502 405 cornum
525 364 753 416 peccatori.
788 363 889 416 quid
921 363 1076 405 sentire
1108 363 1305 417 dignatur
1336 364 1507 405 uenenis
1540 364 1650 405 Arrii

145 434 335 477 sauciata
354 446 472 475 mens
493 432 596 475 tua?
617 431 718 487 quid
739 432 893 486 poterit
915 432 1152 487 excogitare
1175 433 1321 474 contra
1340 433 1445 474 hanc
1464 433 1651 475 nostram

147 503 426 545 defensionem
458 500 666 544 morsibus
697 501 902 555 serpentis
931 502 1144 543 concisum
1167 502 1406 543 cortuum?
1436 502 1532 544 illos
1553 515 1650 544 cum

142 572 217 614 illa
250 571 446 613 aduertas
479 570 638 624 egisse,
686 570 803 612 nobis
841 570 1141 624 quiescendum
1178 570 1316 612 fuerat
1348 582 1416 612 ore
1447 571 1519 613 tuo
1551 583 1650 624 pro-

111 641 240 683 ⁵latis
270 639 542 694 blasphemiis
575 639 627 680 ad
659 639 858 693 populum
890 639 1007 681 nobis
1032 639 1233 681 diuinitus
1255 639 1525 682 commissum
1546 652 1649 682 sau-

144 709 368 752 ciandum?
414 711 453 750 et
481 708 738 762 circumiuit,
778 708 926 762 inquit,
970 708 1216 750 Matathias
1247 711 1286 750 et
1315 709 1444 750 amici
1475 709 1576 764 eius,
1614 712 1651 750 et

143 778 436 820 destruxerunt
457 790 560 818 aras
580 779 620 818 et
640 777 997 819 circumciderunt
1013 791 1166 830 pueros
1186 778 1505 820 incircumcisos
1526 781 1647 831 quot-

144 849 243 900 quot
272 847 533 888 inuenerunt
564 846 611 887 in
639 845 800 899 finibus
830 845 971 888 Israel
1002 846 1050 887 iri
1077 846 1341 900 fortitudine,
1380 850 1416 889 et
1438 848 1650 901 persecuti

144 918 243 957 sunt
272 915 384 968 filios
414 914 650 968 superbiae,
684 916 722 956 et
750 914 1019 968 prosperauit
1049 927 1152 974 opus
1183 915 1231 955 in
1262 928 1395 956 manu
1425 929 1582 967 eorum,
1614 919 1651 957 et

97 991 127 1016 ¹⁰
144 984 413 1026 obtinuerunt
443 984 570 1038 leyem
601 982 651 1024 de
681 982 881 1024 manibus
909 983 1098 1036 qentium
1128 986 1167 1024 et
1197 997 1359 1037 reyum,
1397 987 1433 1025 et
1464 998 1550 1026 ηοη
1580 985 1650 1027 de-

144 1053 298 1095 derunt
319 1066 491 1095 cornum
506 1053 732 1106 peccatori.
765 1065 861 1094 cum
883 1052 945 1094 illi
976 1053 1080 1094 haec
1114 1053 1183 1106 qui
1215 1053 1276 1093 ita
1307 1053 1468 1107 egerint
1497 1053 1653 1096 fuerint

145 1121 246 1163 sacti
287 1122 364 1164 deo
405 1121 702 1165 amantissimi,
750 1134 825 1163 nos
862 1121 939 1162 tibi
980 1120 1190 1162 adulando
1234 1121 1459 1175 tecumque
1498 1122 1539 1163 in
1578 1122 1651 1164 tuo

146 1191 348 1233 currendo
398 1191 556 1233 scelere
595 1190 734 1232 fuerat
776 1190 947 1244 dignum
994 1190 1040 1231 ut
1078 1190 1124 1231 tu
1174 1203 1217 1231 es
1265 1190 1527 1233 efficeremur
1575 1191 1651 1233 deo

145 1259 448 1301 inimicissimi?
496 1260 530 1301 si
561 1272 635 1301 nos
664 1259 741 1301 tibi
773 1258 868 1300 hinc
902 1258 1094 1300 uidemur
1125 1258 1335 1309 iniuriosi,
1385 1260 1481 1313 quia
1513 1260 1651 1302 idolo-

99 1333 129 1358 15
144 1327 312 1369 latriam
342 1330 459 1370 tuam
491 1328 702 1381 suscipere
734 1327 1061 1381 nequiuerimus,
1096 1327 1170 1370 des
1201 1341 1344 1379 unum,
1377 1342 1546 1383 quaeso,
1581 1331 1653 1384 qui

147 1397 378 1451 pepercerit
419 1410 467 1439 ex
510 1397 578 1438 dei
618 1397 848 1439 cultoribus
895 1397 1150 1439 aduersariis
1198 1397 1287 1439 eius
1332 1398 1558 1452 religionis.
1610 1400 1652 1441 iu

148 1465 328 1507 secundo
354 1466 460 1507 libro
482 1466 641 1507 Esdrae
673 1465 1058 1508 contradicentibus
1090 1478 1140 1507 ne
1173 1465 1343 1508 domum
1376 1468 1418 1509 et
1448 1468 1653 1522 templum

150 1535 190 1576 et
211 1535 428 1577 ciuitatem
449 1535 490 1577 in
511 1535 814 1591 Hierosolymis
840 1535 1007 1578 domino
1032 1535 1327 1585 instaurarent,
1361 1536 1472 1587 deus,
1504 1536 1652 1590 inquit,

149 1604 254 1646 caeli
294 1604 381 1657 ipse
414 1605 689 1658 prosperauit
725 1604 865 1656 uobis,
906 1607 944 1647 et
982 1617 1058 1646 ‘nos
1096 1605 1210 1646 serui
1249 1605 1339 1646 eius
1369 1618 1587 1659 suryemus
1616 1609 1655 1647 et

98 1682 130 1706 20
148 1672 487 1726 aedificabimus,
542 1673 661 1715 uobis
705 1676 845 1715 autem
890 1686 975 1715 ‘non
1021 1676 1082 1715 est
1123 1674 1268 1726 portio
1318 1687 1448 1727 neque
1497 1675 1650 1716 mentio

148 1741 432 1794 Hierusalem,
474 1742 516 1782 et
544 1741 651 1783 infra
683 1742 918 1784 dicentibus
952 1741 1230 1784 aduersariis:
1277 1743 1487 1795 numquid
1517 1743 1653 1785 sacri-

147 1809 333 1863 ficabunt
365 1824 423 1852 αη
454 1810 771 1853 manducabunt
803 1811 852 1853 in
883 1810 966 1852 loco
987 1811 1098 1853 suo?
1129 1825 1269 1853 norme
1291 1812 1487 1854 ascendet
1507 1812 1655 1866 uulpes

150 1881 186 1920 et
225 1878 418 1920 demoliet
455 1892 599 1921 muros
637 1879 835 1933 lapidum
875 1881 1048 1922 eorum?
1099 1880 1142 1921 et
1170 1880 1276 1922 haee
1311 1880 1413 1922 dicit
1444 1881 1499 1923 ad
1530 1880 1655 1924 deum

153 1959 298 1989 seruus
341 1947 430 1990 eius
469 1947 625 1990 Esdra:
671 1950 850 1998 exaudi,
897 1949 999 1991 deus
1029 1940 1191 2002 noster,
1237 1950 1342 2003 quia
1370 1950 1480 2003 facti
1509 1963 1656 1993 sumus

100 2028 132 2055 25
148 2016 475 2069 contemptibiles
494 2020 531 2058 et
552 2021 741 2060 conuerte
771 2018 965 2060 conuicia
995 2019 1188 2072 ipsorum
1217 2019 1267 2060 in
1296 2019 1444 2073 capita
1464 2019 1655 2073 ipsorum

150 2088 185 2126 et
215 2085 274 2126 da
303 2085 402 2127 illos
431 2089 477 2127 ut
507 2086 596 2128 sint
626 2087 673 2127 in
703 2087 845 2129 derisu
875 2091 912 2129 et
951 2088 1000 2129 iri
1041 2090 1156 2130 terra
1194 2088 1484 2141 captiuitatis,·
1528 2091 1565 2130 et
1605 2102 1656 2130 ue

150 2154 317 2207 operias
355 2154 628 2208 iniquitatem
665 2155 853 2208 ipsorum
892 2158 931 2197 et
959 2159 1138 2209 peccata
1177 2168 1318 2198 eorum
1357 2170 1386 2197 a
1423 2156 1536 2209 facie
1579 2159 1653 2198 tua

150 2236 236 2264 non
267 2222 499 2264 deleantur.

205 2290 296 2333 XV.
335 2290 446 2344 Quid
475 2291 562 2333 tale
594 2303 668 2333 nos
700 2291 812 2334 circa
841 2293 884 2334 te
913 2292 1045 2335 locuti
1078 2295 1251 2335 sumus?
1284 2293 1348 2335 est
1377 2293 1500 2334 testis
1532 2305 1655 2347 quem

99 2371 132 2396 ³0
150 2360 286 2402 orauit
309 2360 465 2402 Esdras
498 2373 704 2414 quemque
737 2361 779 2402 et
810 2373 885 2415 ego
918 2374 988 2403 oro
1021 2362 1063 2403 et
1095 2361 1228 2404 omnis
1258 2373 1332 2415 per
1362 2361 1499 2403 totum
1529 2374 1653 2404 mun-

285 2485 306 2519 6
331 2484 346 2519 Ι
370 2485 483 2520 Mach.
509 2485 543 2526 2,
568 2486 705 2520 45—48
831 2485 873 2520 18
897 2485 1017 2522 Neem.
1043 2485 1089 2531 (ΙΙ
1112 2485 1224 2527 Esdr.)
1251 2487 1284 2526 2,
1311 2486 1356 2521 20
1478 2486 1520 2521 21
1548 2485 1594 2521 ib.
1620 2486 1653 2523 4.

151 2541 171 2575 3
264 2542 309 2576 24
335 2542 380 2577 ib.
406 2544 439 2583 4,
465 2544 554 2577 4—7

222 2656 238 2690 1
266 2665 370 2690 cornu
388 2667 407 2690 υ
500 2657 644 2692 uenenis
661 2657 754 2691 com'.
773 2657 968 2701 Latinius,
993 2657 1130 2692 uenisse
1155 2658 1203 2692 νυ
1297 2657 1318 2691 2
1336 2656 1526 2702 excogitari
1543 2668 1562 2691 v

152 2724 172 2757 5
198 2705 383 2779 diuinitufn
501 2726 522 2760 6
547 2725 717 2761 matthias
834 2727 853 2760 7
881 2726 1059 2772 quotquod
1175 2727 1216 2761 11
1244 2736 1350 2761 cornu
1373 2737 1394 2760 υ
1507 2726 1548 2760 12
1573 2725 1655 2761 ado-

153 2802 256 2838 lando
375 2805 415 2839 17
442 2783 492 2859 ne‘
508 2805 675 2850 templum
786 2806 827 2840 18
853 2789 1049 2842 instaiirent
1171 2806 1213 2841 21
1240 2807 1277 2841 in
1301 2806 1519 2842 Hierusalem
1544 2818 1563 2841 v

152 2858 196 2893 23
221 2862 258 2895 et
281 2861 377 2907 haec]
404 2872 448 2897 ne
471 2862 557 2898 haec
582 2864 641 2898 uel
665 2863 750 2898 haec
776 2865 863 2907 fort.
959 2864 1003 2898 25
1029 2863 1287 2899 contemtibiles
