1934 3278
651 280 704 314 De
729 280 868 326 regibus
894 282 1108 326 apostaticis
1574 287 1630 330 53

134 411 233 451 tuae
266 421 313 450 ac
346 409 458 450 uitae
488 407 565 449 tibi
602 407 822 450 uictoriam
854 409 1069 459 tributam,
1109 410 1274 463 quando
1317 411 1373 452 sis
1405 411 1548 454 Achab
1588 412 1630 454 in

137 478 325 521 omnibus
356 478 445 531 regi
478 477 638 527 similis,
671 477 746 519 sed
778 478 837 519 sic
868 478 945 519 tibi
968 479 1113 520 contra
1134 479 1284 522 merita
1305 481 1379 522 tua
1403 481 1629 523 exhibitam

134 546 465 589 misericordiam
497 547 548 588 ab
583 559 643 597 ee,
676 559 800 600 quem
833 546 1106 601 dereliquisti,
1146 549 1193 590 ut
1222 548 1348 591 fuerit
1378 549 1521 592 Achab
1554 562 1627 592 ex-

133 616 277 659 hibita.
311 616 345 657 si
378 616 487 658 enim
520 615 673 657 dixeris
703 615 923 669 propterea
953 616 993 657 te
1026 616 1192 658 uincere
1227 612 1488 659 aduersarios
1519 618 1626 670 tuos,

97 693 114 718 ὁ
134 685 232 739 quia
262 686 366 727 bene
400 685 456 726 sis
479 683 667 734 credens,
700 683 836 737 potuit
859 685 900 725 et
922 684 1067 727 Achab
1091 685 1244 728 dixisse
1266 686 1474 728 idolorum
1493 686 1628 729 cultor

134 754 176 795 et
206 754 499 808 prophetarum
531 753 771 795 sanctorum
793 753 1077 807 interemptor.
1132 754 1184 795 ad
1206 755 1282 797 hoc
1307 768 1404 809 ergo
1426 755 1467 797 te
1488 768 1627 797 reser-

132 823 290 871 uatum,
323 823 370 863 ut
401 834 559 864 errores
590 822 821 875 corrigeres
850 822 959 872 tuos,
993 835 1071 864 non
1103 822 1249 865 uides?
1295 823 1391 866 ilico
1422 825 1468 865 ut
1499 836 1627 866 occu-

131 891 241 944 pasti
271 891 453 942 Italiam,
487 891 711 933 ecclesiam
743 891 830 933 eius
860 891 1077 944 temptasti
1108 892 1291 941 uertere3
1332 892 1471 935 dixisti
1504 893 1628 935 deum

131 960 293 1014 patrem
325 972 404 1002 non
446 972 537 1002 esse
575 972 723 1002 uerum
764 960 889 1002 deum
919 960 1094 1013 patrem,
1134 960 1302 1002 unicum
1342 974 1498 1016 negans
1539 963 1627 1006 eius

79 1035 113 1061 ¹0
130 1028 276 1079 filium,
319 1028 544 1071 adfirmans
582 1041 661 1070 non
705 1041 796 1071 esse
836 1028 955 1070 illum
994 1040 1140 1070 uerum
1181 1029 1325 1071 filium.
1382 1030 1627 1073 adstruxi-sti

131 1098 258 1140 etiam
291 1098 481 1140 sanctum
512 1097 772 1152 paracletum
805 1097 995 1151 spiritum
1026 1097 1275 1140 fabricatum
1299 1111 1390 1141 esse
1413 1112 1461 1141 ex
1483 1099 1624 1150 nihilo,

131 1166 354 1209 defendere
385 1167 616 1221 temptasti,
650 1166 761 1220 quod
792 1166 940 1208 unicus
973 1166 1041 1208 dei
1071 1166 1182 1208 filius
1213 1167 1338 1209 suerit
1360 1168 1524 1222 quando
1546 1180 1626 1210 non

128 1235 276 1284 fuerit3
310 1236 582 1290 apostolicam
616 1235 740 1289 atque
773 1234 1061 1289 euangelicam
1091 1234 1358 1278 traditionem
1390 1249 1470 1290 quo
1500 1236 1625 1290 potu-

127 1304 233 1346 isses
262 1305 410 1347 tollere
443 1317 465 1346 e
495 1304 648 1354 medio,
688 1316 856 1358 operam
895 1304 995 1345 totis
1026 1304 1110 1345 tuis
1143 1303 1295 1346 dedisti
1326 1305 1498 1357 uiribus,
1541 1304 1625 1358 epi-

77 1383 276 1427 1⁵scopos
309 1374 375 1416 dei
407 1374 562 1415 iudicio
600 1373 813 1415 ordinatos
853 1373 927 1414 tua
966 1373 1149 1415 amoueri
1186 1373 1323 1416 fecisti
1362 1374 1623 1425 auctoritate,

127 1443 361 1485 haereticos
400 1443 507 1485 locis
538 1442 764 1484 eorundem
803 1442 1118 1484 constituendos
1158 1442 1324 1494 duxisti,
1365 1442 1434 1496 qui
1466 1442 1626 1496 possint

125 1511 242 1553 tuam
281 1512 525 1566 praedicare
565 1512 805 1560 haeresem3
851 1523 975 1552 manu
1021 1510 1193 1552 militari
1238 1511 1433 1564 pugnasti
1480 1511 1626 1553 contra

127 1580 351 1622 ecclesiam
374 1581 413 1622 in
438 1580 704 1630 Alexandria,
737 1592 862 1633 quam
883 1579 1082 1633 plurimos
1106 1579 1393 1632 episcoporum
1424 1579 1622 1634 relegasti

125 1648 166 1689 in
200 1649 345 1699 exiliis,
384 1650 424 1690 in
464 1648 660 1698 metallis,
704 1647 919 1690 coniecisti
959 1647 999 1688 in
1032 1660 1256 1698 carcerem,
1295 1648 1456 1689 certum
1496 1648 1624 1690 etiam

73 1725 341 1759 ”numerum
380 1718 625 1759 interfecisti
666 1730 715 1758 ex
755 1716 945 1758 omnibus
986 1715 1051 1757 dei
1085 1716 1328 1758 cultoribus.
1389 1729 1486 1758 eum
1516 1717 1620 1758 haec

127 1787 274 1841 egeris,
307 1787 447 1830 tamen
481 1786 605 1828 dicis:
638 1786 725 1827 nisi
756 1786 851 1827 bene
882 1798 1007 1827 essem
1038 1785 1202 1838 faciens
1234 1788 1270 1826 et
1305 1786 1460 1838 inteyre
1491 1798 1618 1827 essem

125 1856 302 1906 credens,
336 1869 569 1909 numquam
600 1854 736 1897 adhuc
767 1867 829 1895 mc
859 1854 959 1895 deus
989 1866 1167 1906 reynare
1199 1853 1469 1905 permitteret,
1507 1853 1620 1895 tam-

125 1937 249 1978 quam
289 1925 447 1966 ideirco
487 1924 527 1965 et
567 1923 680 1965 circa
712 1922 857 1964 Achab
899 1934 945 1963 ac
986 1921 1148 1963 ceteros
1189 1921 1483 1964 coidololatres
1522 1923 1618 1964 tuos

125 1994 250 2035 fuerit
280 1994 383 2035 deus
415 1993 591 2046 patiens,
632 1992 729 2046 quia
768 1991 921 2033 fuerint
960 1991 1119 2032 rectam
1160 1990 1350 2032 tenentes
1388 1991 1514 2032 uiam.
1575 1992 1622 2034 tu

72 2066 106 2092 ²⁵
124 2075 236 2116 ergo,
271 2062 367 2116 quia
399 2062 454 2103 sit
484 2061 668 2115 peccatis
690 2060 776 2102 tuis
797 2060 960 2113 patiens
991 2071 1063 2112 pro
1087 2071 1162 2100 sua
1191 2058 1441 2113 infatigabili
1462 2059 1619 2113 pietate

125 2131 247 2172 sicuti
280 2130 404 2172 fuerit
435 2130 476 2172 et
508 2130 657 2171 Achab,
682 2128 784 2182 regi,
820 2127 1034 2169 arbitraris
1065 2140 1143 2169 non
1175 2128 1216 2168 te
1253 2127 1504 2181 delinquere,
1546 2127 1621 2170 sed

123 2211 196 2252 pro
228 2199 387 2240 meritis
418 2198 501 2239 tuis
532 2197 608 2239 tibi
640 2197 769 2250 parci,
803 2208 927 2249 quem
950 2195 1095 2237 Achab
1119 2195 1245 2237 etiam
1266 2195 1306 2237 in
1329 2196 1405 2238 hoc
1428 2196 1618 2247 imitaris,

124 2267 232 2321 quod
266 2267 374 2308 enim
406 2266 462 2307 sis
494 2278 566 2307 eos
598 2265 776 2318 diligens
808 2265 876 2318 qui
908 2264 983 2305 tibi
1015 2263 1127 2305 mala
1164 2264 1380 2313 suadeant,
1415 2277 1484 2305 eos
1518 2276 1616 2305 uero

122 2336 300 2390 perdens
340 2335 409 2389 qui
447 2335 523 2376 tibi
556 2334 703 2375 salutis
734 2334 832 2375 tuae
874 2345 1002 2374 causa
1040 2344 1145 2385 quae
1188 2332 1283 2373 sunt
1323 2345 1424 2373 uera
1463 2332 1616 2373 dicant.

70 2405 170 2446 ⁸⁰ut
207 2405 316 2446 enim
356 2403 409 2445 ad
451 2403 595 2445 Achab
635 2401 927 2456 quadringenti
964 2400 1027 2442 illi
1072 2400 1459 2454 pseudoprophetae
1506 2399 1617 2453 quod

121 2473 291 2526 possent
321 2471 439 2513 illum
472 2470 610 2513 omnia
641 2470 778 2511 felicia
809 2469 1007 2522 consequi
1028 2468 1318 2521 loquebantur,
1353 2469 1496 2509 contra
1518 2481 1617 2510 uero

123 2540 189 2582 dei
224 2540 391 2582 dicebat
422 2539 622 2593 propheta
645 2538 873 2585 Michaeas,
908 2535 1017 2589 quod
1042 2535 1180 2576 essent
1202 2534 1318 2576 illum
1341 2536 1492 2576 cuncta
1513 2548 1616 2577 eon-

123 2610 319 2650 secutura
351 2609 474 2657 mala,
517 2608 558 2648 et
599 2607 668 2647 ille
709 2605 843 2658 magis
883 2604 1087 2657 diligebat
1127 2615 1196 2644 eos
1235 2603 1618 2657 pseudoprophetas

189 2778 210 2811 2
235 2778 400 2812 exibitam
516 2779 537 2812 5
562 2778 730 2813 cultorum
764 2778 831 2819 Vc,-
856 2789 919 2811 em.
950 2776 980 2810 T
980 2775 1068 2809 ilius
1171 2775 1189 2808 7
1215 2775 1394 2820 corrigeris
1495 2775 1515 2808 9
1543 2774 1618 2809 eiu·

121 2845 253 2879 negans
271 2846 290 2870 v
385 2836 426 2869 15
450 2834 575 2870 iuditio
594 2835 671 2878 sere
689 2846 827 2879 semper
921 2833 1165 2867 auctoritatem
1262 2832 1301 2866 17
1320 2832 1488 2866 baeresim
1509 2842 1525 2865 ι·

120 2891 164 2927 23
190 2891 434 2927 coidololatras
462 2905 478 2926 ι·
571 2891 615 2926 26
642 2891 727 2926 acha
820 2891 864 2924 32
889 2889 1040 2924 micheas
