1934 3278
546 212 598 246 De
624 212 745 244 sancto
771 209 966 244 Athanasio
992 207 1080 242 liber
1105 208 1145 242 Π.
1520 216 1601 257 179

97 341 299 384 asinaria
327 339 376 380 in
407 335 509 379 collo
540 336 629 377 eius
660 337 699 376 et
727 337 943 388 merqatur
975 335 1020 376 m
1044 337 1313 389 profundum
1344 340 1490 382 maris.
1523 354 1603 382 uae

97 414 238 454 autem
284 407 381 449 huic
426 405 584 448 mundo
629 403 681 445 ab
719 402 948 446 scandalis.
1009 416 1167 446 necesse
1206 409 1264 447 est
1301 407 1415 448 enim
1458 409 1602 450 uenire

96 478 316 529 scandala,
348 477 642 518 uerumtamen
670 486 750 514 uae
780 472 945 514 homini
979 472 1046 514 illi
1071 486 1152 525 per
1188 488 1307 527 quem
1345 477 1600 519 scandalum

98 550 224 592 uenit.
264 546 373 600 quod
396 545 436 586 si
457 555 614 585 manus
636 544 710 583 tua
731 540 798 583 uel
814 554 889 593 pes
910 543 1009 583 taus
1029 541 1297 584 scandalizat
1319 546 1370 596 te,
1404 545 1601 588 abscinde

63 630 189 661 ⁵eum
219 619 257 658 et
280 614 427 667 proice
458 611 531 653 abs
562 614 612 663 te,
647 610 689 651 et
708 609 834 651 insta:
868 609 1003 651 uidete
1024 623 1076 652 ne
1098 613 1375 654 contemnatis
1390 627 1525 656 *uncam
1547 629 1598 657 ecc

95 687 163 728 his
186 683 391 738 pusillis,·
430 682 522 724 dico
554 681 666 722 enim
704 679 841 734 uobz'8‚
882 679 992 732 quod
1030 680 1171 734 anyelc'
1209 694 1352 723 eorum
1391 683 1437 724 in
1473 684 1600 726 caelis

96 768 258 808 semper
287 753 433 795 uident
463 750 620 804 faciem
643 749 789 802 patris
820 749 902 790 mei
935 749 1007 800 qui
1038 749 1086 791 in
1117 750 1244 792 caelis
1273 754 1344 792 est.
1380 752 1508 806 igitur
1531 755 1601 807 qui

96 837 175 866 non
208 822 342 864 solum
377 821 434 862 sis
466 831 664 872 spernens
696 818 917 860 credentes
943 818 1090 860 ineius
1111 819 1377 863 maiestatem
1401 822 1599 866 diuinam.

96 892 171 936 sed
204 893 246 934 et
281 905 323 933 es
355 890 625 932 interficiens.
660 901 763 942 quas
796 888 875 929 erit
906 900 1067 930 merces
1098 891 1487 942 repraesentaturus
1525 893 1601 934 tibi

46 980 76 1004 ιο
94 961 174 1003 iste
208 973 331 1014 quem
364 970 514 1012 negaS‚
557 957 625 1011 qui
657 957 733 999 tibi
767 956 960 1009 expedire
994 957 1157 1006 dixerit,
1190 958 1223 999 si
1264 959 1419 1000 molam
1461 961 1601 1003 asina-

94 1030 199 1071 riam
247 1027 524 1082 suspenderes
571 1026 678 1068 collo
718 1026 790 1067 tuo
832 1026 873 1067 et
910 1025 951 1066 in
991 1025 1240 1078 profundum
1283 1028 1410 1070 maris
1449 1028 1601 1071 fuisses

93 1097 409 1152 praecipitatus,
443 1108 569 1149 quam
601 1108 730 1137 unum
763 1107 810 1136 ex
842 1095 1109 1137 credentibus
1141 1096 1181 1136 in
1207 1108 1299 1137 eum
1331 1097 1598 1149 perduxisses

96 1167 148 1208 ad
188 1165 458 1215 scandalum,
502 1176 627 1218 quam
666 1176 793 1204 unum
834 1163 1158 1216 contempsisses
1198 1176 1246 1205 ex
1286 1163 1369 1206 illis
1409 1166 1478 1218 qui
1520 1167 1603 1208 sint

93 1248 268 1289 regnum
298 1233 533 1288 possessuri
564 1232 807 1274 caelorum?
840 1244 946 1285 quae
980 1232 1057 1273 erit
1094 1233 1485 1286 repraesentaturus
1524 1235 1599 1277 tibi

44 1305 161 1358 15qui
204 1317 253 1346 ea
294 1303 345 1344 de
385 1315 514 1345 eausa
554 1302 642 1343 eius
682 1302 852 1343 sanctae
894 1301 1100 1343 ecclesiae
1144 1314 1192 1343 ex
1230 1303 1429 1344 membris
1469 1304 1603 1345 scindi

92 1373 318 1418 merueris,
366 1372 464 1425 quia
511 1371 568 1413 sis
614 1384 687 1424 per
736 1383 860 1425 quem
907 1370 1108 1412 scandala
1155 1370 1348 1413 diabolus
1393 1372 1601 1414 inmiserit

92 1442 244 1484 nostris
285 1441 432 1483 diebus
462 1440 503 1481 in
537 1440 602 1481 dei
635 1440 863 1493 populum?
895 1439 963 1492 qui
994 1439 1096 1480 licet
1131 1439 1354 1482 concitaris
1386 1441 1599 1491 scandala,

91 1512 231 1553 tamen
265 1509 482 1563 deceperis
515 1521 585 1551 eos
607 1510 771 1550 tantum
804 1509 873 1561 qui
895 1510 937 1550 te
963 1508 1217 1550 nesciuerint
1238 1508 1320 1550 iam
1343 1509 1402 1550 sic
1427 1510 1601 1559 aruisse,

91 1581 138 1621 ut
167 1581 284 1620 riuus
314 1578 529 1632 praecisus
563 1591 586 1619 a
617 1578 742 1629 fonte,
774 1578 820 1619 ut
852 1578 1009 1618 fractus
1040 1590 1181 1618 ramus
1205 1590 1252 1618 ex
1285 1578 1451 1623 arbore:
1485 1580 1604 1620 cete-

41 1662 182 1692 aorum
215 1648 284 1702 qui
310 1648 352 1689 te
385 1647 502 1690 extra
533 1646 756 1688 ecclesiam
789 1647 1080 1699 cognoscimus
1111 1646 1305 1699 positum,
1339 1647 1409 1700 qui
1441 1648 1605 1689 hostem

91 1717 202 1759 unici
248 1717 323 1758 filii
366 1716 432 1758 dei
472 1716 695 1766 cernimus,
745 1715 926 1757 scientes
965 1717 1007 1757 te
1046 1716 1256 1757 mortuum
1296 1717 1470 1757 conatus
1510 1717 1605 1758 tuos

92 1786 170 1828 deo
200 1786 372 1828 iuuante
401 1786 545 1827 subter
583 1784 712 1838 pedes
753 1785 917 1826 nostros
959 1796 1050 1826 esse
1090 1784 1382 1838 conspicimus.
1446 1784 1602 1827 scimus

92 1855 245 1897 etenim
284 1855 497 1896 mortuum
535 1853 646 1895 uiuis
688 1853 891 1895 dominari
924 1866 1003 1895 non
1045 1866 1180 1907 posse.
1245 1853 1318 1895 sed
1357 1853 1458 1907 quid
1499 1853 1603 1895 dicis

90 1923 234 1966 uiuere
265 1924 308 1964 te
338 1923 379 1964 in
413 1921 609 1965 Christo?
659 1922 768 1964 unde
800 1923 975 1976 probare
1013 1935 1057 1964 es
1087 1924 1248 1976 potens,
1291 1935 1385 1963 cum
1419 1934 1513 1963 eum
1547 1922 1604 1964 sis

40 1995 275 2046 2⁵negans‘?
337 1991 480 2033 uiuere
521 1991 673 2034 etenim
714 2004 793 2034 non
825 1994 999 2046 possunt
1029 1992 1107 2034 nisi
1141 1992 1209 2046 qui
1242 1991 1359 2032 illum
1394 1991 1605 2033 fateantur

91 2073 236 2103 uerum
270 2061 396 2102 deum
429 2073 534 2110 esse,
566 2073 713 2102 uerum
747 2060 813 2102 dei
845 2060 991 2102 filium.
1025 2060 1134 2102 unde
1159 2073 1202 2103 es
1223 2061 1386 2110 uiuens,
1409 2073 1505 2102 cum
1527 2073 1602 2102 nos

89 2129 247 2171 idcirco
280 2129 560 2183 persequaris,
594 2130 692 2183 quia
723 2130 813 2171 eius
845 2142 936 2172 esse
969 2143 1042 2172 nos
1074 2130 1280 2172 fateamur
1314 2132 1486 2172 seruos?

148 2197 305 2239 XVIII.
325 2196 410 2238 Aut
427 2196 627 2250 numquid
645 2198 696 2239 ob
715 2197 840 2239 aliam
863 2210 938 2240 nos
959 2198 1222 2251 persequeris
1245 2201 1448 2240 causam?
1479 2211 1603 2239 num-

92 2265 191 2319 quid
212 2265 405 2307 fortassis
425 2265 622 2307 inuenisti
644 2278 718 2308 nos
739 2266 779 2307 in
802 2268 843 2308 te
867 2266 1094 2320 deliquisse
1113 2268 1154 2308 et
1185 2266 1342 2308 idcirco
1365 2267 1404 2308 in
1424 2279 1497 2309 nos
1515 2268 1602 2309 tam

40 2351 73 2377 ω
89 2332 267 2375 infestus
292 2338 364 2375 es?
397 2346 470 2375 nos
490 2333 532 2375 in
553 2334 595 2375 te
612 2346 811 2387 peccasse
834 2336 997 2376 nosmet
1017 2347 1094 2376 non
1118 2335 1360 2377 retinemus.
1395 2336 1602 2388 quomodo

92 2401 244 2444 etenim
263 2402 303 2443 in
321 2402 364 2443 te
381 2414 580 2455 peccasse
597 2415 673 2444 nos
689 2402 852 2456 probari
870 2403 1035 2456 poterit,
1059 2416 1154 2445 cum
1171 2404 1212 2444 te
1232 2403 1283 2445 de
1300 2404 1434 2445 morte
1459 2404 1602 2446 uenire

93 2470 143 2512 ad
176 2471 307 2512 uitam
340 2477 596 2524 urgeamus?
637 2472 678 2513 et
707 2472 846 2513 tamen
882 2472 913 2513 si
948 2472 1077 2514 sentis
1108 2485 1181 2514 nos
1213 2473 1251 2513 in
1285 2474 1326 2513 te
1360 2471 1601 2525 deliquisse„

228 2584 249 2617 5
274 2583 401 2619 Matth.
432 2585 484 2624 18,
514 2586 556 2620 10
661 2585 702 2619 18
727 2585 769 2620 cs.
798 2585 897 2630 Cypr.
924 2585 966 2620 de
992 2585 1082 2620 cath.
1109 2586 1189 2620 eccl.
1216 2596 1271 2620 un.
1296 2597 1329 2630 p.
1357 2585 1435 2625 214,
1462 2586 1483 2619 8
1510 2586 1603 2627 (Ha.)

169 2686 191 2719 3
215 2697 258 2721 ue
363 2688 384 2721 8
410 2670 449 2721 si*
465 2689 490 2730 (¹
517 2700 558 2723 m.
585 2690 671 2731 rec.)
780 2689 822 2723 10
848 2688 929 2733 quid
955 2688 988 2731 (d
1015 2700 1094 2733 exp.
1123 2701 1164 2723 m.
1194 2690 1278 2732 rec.)
1378 2689 1416 2724 14
1443 2693 1602 2734 repsen-

92 2731 101 2748 t

92 2772 105 2783 ι
120 2756 239 2788 atui-us
376 2756 416 2789 17
443 2756 500 2800 qui
518 2757 667 2801 scripsi,
694 2757 775 2801 quia
798 2758 847 2791 Vv
986 2757 1030 2791 22
1056 2759 1198 2791 conatos
1218 2769 1259 2792 m.
1281 2761 1299 2792 1
1441 2756 1485 2791 23
1512 2757 1603 2801 quod

92 2821 178 2864 fort.
275 2823 320 2857 25
345 2826 473 2868 posunt
566 2825 610 2858 32
635 2803 818 2880 urgefffinus
841 2825 887 2867 (·Εἰ
913 2836 955 2859 m.
981 2826 1067 2867 recu)

1400 2905 1463 2940 12·
