1934 3278
557 180 792 216 uerborum
817 184 858 217 et
884 182 1175 218 locutionum.

83 306 357 348 comparatiuus
383 314 456 348 pro
483 304 646 347 positiuo
678 305 738 338 uel
762 305 833 338 ela-

128 349 223 384 tiuo:
261 349 371 384 citius
409 351 449 383 A.
477 349 555 384 787.
606 349 763 384 uelocius
789 351 830 385 A.

127 395 194 430 659
227 396 288 438 (cf.
320 394 520 439 Woelfflin.
558 393 603 429 de
634 400 830 439 comparat.

81 452 217 522 corfritus
244 487 372 531 (plur.)
400 501 441 516 =
468 489 621 521 ornatus
645 486 684 522 ΙΙ
711 487 763 528 18,
789 488 833 521 20

81 532 237 567 comulac
264 531 299 566 11
327 531 380 568 19.
408 532 448 566 11

86 579 202 614 conari
228 578 327 612 lucra
352 577 390 612 ΙΙ
416 577 471 618 23,
501 576 552 613 13.
576 579 618 611 Α.
643 577 711 612 603

80 623 262 659 concedere
286 637 331 653 =
355 622 564 658 condonare
575 623 620 664 (‘?)
646 622 686 658 II
712 623 765 667 11,
791 624 810 658 7

81 669 239 704 concitus
272 668 395 711 (subst.
421 667 510 703 decl.
536 668 609 712 IV)
635 683 677 699 =
703 669 833 704 ueloci-

130 715 239 758 tas(‘?)
265 715 308 748 A.
334 714 398 749 981

80 760 282 795 conculcare
311 773 357 790 =
379 769 561 804 spernere,
592 759 765 794 inludere
791 762 832 794 A.

86 861 277 895 concupere
302 850 542 895 (concupire?)
568 850 606 885 II
632 850 686 892 23,
711 851 734 885 4

83 897 370 942 concupiscencia
394 896 433 931 Π
458 896 503 930 23
527 897 637 931 inser.

81 943 221 978 concuti
246 942 390 976 numine
415 941 434 977 Ι
459 942 512 983 17,
537 941 561 976 4

83 987 280 1023 condiscere
329 990 386 1029 (=
426 989 652 1033 coynoscere)
702 991 832 1022 rectam

128 1034 251 1078 (uiam)
280 1034 298 1068 I
321 1033 376 1075 22,
404 1033 445 1069 15

84 1079 244 1114 conditio
281 1093 327 1109 =
363 1078 512 1121 creatio,
549 1082 738 1114 ereatura:
777 1080 834 1114 hic

129 1125 222 1159 Deus
262 1124 498 1169 omnipotens,
547 1124 711 1159 dominus
751 1136 833 1160 suae

126 1170 339 1205 conditionis
365 1173 405 1204 A.
426 1170 491 1205 121
518 1170 576 1213 (ef.
595 1171 744 1216 Auqust.
761 1172 832 1206 eiu.

125 1216 198 1251 Dei
221 1216 293 1250 uol.
319 1216 339 1248 Ι
356 1227 394 1260 p.
420 1217 501 1257 469,
525 1219 548 1251 9
571 1216 639 1258 D2)

82 1261 244 1296 conditor
268 1260 364 1295 orbis
391 1260 408 1296 I
434 1261 489 1302 26,
505 1261 564 1296 28.
590 1261 644 1302 27,
662 1262 695 1297 3.
721 1262 759 1298 11
775 1263 831 1305 30,

127 1307 158 1342 6.
191 1308 234 1342 A.
257 1307 326 1343 358
358 1310 418 1349 (ct.
442 1307 572 1342 incert.
597 1312 695 1343 auct.
722 1319 833 1344 carm.

126 1352 212 1387 adu.
237 1353 424 1387 Marcion.
450 1353 501 1387 II
520 1354 582 1396 59)

80 1398 238 1434 conferre
270 1400 307 1432 in
339 1399 455 1433 altum
487 1413 530 1429 =
563 1399 769 1442 transferre
792 1400 834 1434 in

126 1444 266 1479 caelum
291 1444 309 1479 I
334 1445 368 1487 6,
391 1444 437 1478 26

83 1490 269 1524 confertim
295 1491 337 1525 A.
362 1490 429 1525 851

79 1535 252 1570 confessio
264 1535 447 1579 :culpaz
473 1534 672 1570 destruitur
686 1537 832 1581 martyr,

125 1582 225 1616 cuius
250 1584 304 1615 est
329 1581 502 1616 confessio
528 1581 615 1616 talis
641 1581 679 1616 ΙΙ
704 1583 736 1623 6,
760 1583 782 1616 3

79 1626 239 1662 confiteri
252 1641 298 1656 =
309 1637 475 1671 peccasse
487 1627 547 1669 (?):
566 1629 688 1671 pastor
705 1628 735 1662 si
751 1638 831 1663 con-

126 1673 242 1707 fessus
279 1672 399 1715 suerit,
440 1672 640 1717 geminauit
681 1684 831 1718 agonem

125 1718 163 1798 ΙΙ
188 1718 244 1760 28,
272 1719 300 1753 1.
331 1738 371 1743 -
397 1717 558 1753 confiteri
583 1718 765 1754 Christum
790 1722 832 1754 A.

79 1809 235 1844 confusio
260 1824 305 1839 =
316 1809 450 1853 pudor,
464 1809 715 1853 paenitentia:
740 1821 833 1845 nunc

126 1855 195 1890 erit
211 1855 369 1890 confusio
395 1855 578 1898 (confessio
595 1855 688 1897 cod.)
714 1859 834 1891 uestra

126 1902 169 1936 A.
193 1901 273 1936 465.
320 1911 390 1936 non
420 1900 483 1935 fiet
514 1901 552 1935 in
578 1912 728 1936 uacuum
754 1912 833 1937 con-

126 1946 219 1981 fusio
245 1947 302 1982 cul
330 1956 370 1981 ae
395 1946 435 1981 11
459 1946 491 1989 8,
516 1946 539 1981 4

81 1992 246 2035 confusio
320 2002 455 2027 uarum
502 1993 832 2028 constructionum:

127 2049 196 2072 non
223 2040 266 2073 ut
281 2038 339 2072 illi
355 2039 488 2083 putant
506 2037 622 2072 Dauid
639 2037 681 2073 de
698 2049 734 2073 se
752 2039 832 2083 ipso

129 2083 258 2118 referre
290 2083 332 2118 A.
357 2083 426 2118 452
459 2082 518 2126 (cf.
552 2085 764 2127 commem.).
788 2104 835 2109 —

127 2132 162 2164 et
186 2128 229 2164 de
254 2128 358 2164 domo
378 2128 440 2163 Dei
466 2138 526 2163 ceu
544 2129 722 2164 nundinae
746 2128 833 2164 faci-

129 2175 178 2208 tis
203 2176 324 2209 astent
347 2173 387 2209 11
410 2173 466 2215 35,
494 2174 538 2209 12

82 2220 673 2301 εοῖιρςνιέβἦγθοίιοῗῖοἷὲθὶὲοηρε,
687 2219 833 2272 deuotos

142 2276 159 2300 e
186 2277 198 2299 1
249 2276 367 2300 iurnae
505 2291 513 2307 ,
585 2291 593 2298 .
618 2276 752 2307 uiscus,
779 2277 831 2300 rn-

126 2277 250 2354 dogctis,
277 2310 530 2357 ignorantibus
555 2312 597 2345 A.
622 2311 690 2346 458
714 2315 777 2348 etc.

80 2361 286 2402 congestare
311 2356 348 2392 Il
373 2356 429 2398 23,
455 2356 500 2392 15

79 2413 135 2437 cor
169 2403 317 2438 ruentia
334 2403 498 2447 leqitima
513 2402 664 2438 subiecti
681 2406 713 2437 et
725 2413 832 2447 prae-

152 2449 240 2483 ἐσαεὶ
255 2448 438 2494 neylecta:
456 2448 549 2492 quod
569 2448 635 2483 Dei
651 2448 831 2490 maiestas,

124 2495 229 2537 quid
254 2495 313 2535 sit,
345 2494 414 2528 sibi
439 2494 578 2529 conscia
612 2494 686 2528 sola
711 2496 766 2529 est
790 2501 831 2529 A.

125 2539 203 2573 102.
227 2538 459 2584 quidquid
476 2541 531 2573 est
548 2539 684 2582 (Deus),
702 2550 832 2574 unum

125 2587 178 2619 est
194 2586 236 2620 A.
258 2585 332 2620 114.
360 2585 444 2619 hoc
468 2584 562 2619 Deus
580 2587 646 2627 est,
666 2585 742 2619 hoc
761 2586 832 2629 spi-

126 2630 217 2664 ritus
241 2632 319 2666 aeui
350 2631 390 2666 A.
419 2630 495 2666 108.
544 2630 675 2665 idcirco
709 2630 832 2673 (Deus)

124 2686 185 2710 nec
222 2676 338 2711 uoluit
373 2686 409 2710 se
447 2676 684 2717 manifestare,
722 2676 831 2720 quid

126 2725 219 2756 esset
245 2723 284 2757 A.
309 2721 389 2757 363.
426 2723 512 2756 tunc
539 2721 644 2756 homo
670 2725 833 2766 resurget

125 2790 158 2800 ..
185 2767 424 2810 reminiscens,
450 2767 561 2812 quid
588 2766 658 2801 fuit
683 2768 765 2802 ante
790 2769 833 2802 A.

122 2811 190 2848 793
213 2823 264 2858 sq.

1564 185 1648 228 203

895 315 1105 350 congruere:
1124 305 1300 352 in<cestas
1318 306 1377 353 in)
1395 307 1546 342 feminas
1565 319 1645 343 con—

940 351 1042 396 gruit
1078 351 1219 386 cultura
1257 352 1388 396 lupana
1423 352 1462 388 II
1503 355 1554 395 18,
1590 354 1644 388 22.

939 397 1106 442 congruit
1132 397 1167 431 in
1194 397 1330 432 Pascha
1354 397 1393 433 11
1416 398 1472 440 34,
1499 400 1514 433 1

892 454 1148 488 coniunctium·
1164 455 1294 489 omissa
1319 458 1360 488 ut
1377 456 1644 491 coniunctione:

939 498 1072 539 hortor,
1099 500 1137 533 in
1163 501 1246 534 aula
1270 507 1451 535 recurrant
1476 501 1514 535 11
1543 501 1595 542 10,
1613 503 1644 536 6.

940 543 1072 585 hortor,
1111 544 1156 579 ab
1181 555 1298 580 errore
1322 547 1487 580 recedant
1520 548 1562 581 A.
1592 547 1644 582 14.

938 600 1050 634 neque
1067 591 1162 624 enim
1180 589 1257 625 dico
1274 590 1332 625 uel
1348 590 1488 633 intimo,
1514 593 1590 627 neci
1610 596 1645 627 te

939 635 1063 670 mittas
1089 636 1126 670 11
1150 636 1206 678 23,
1234 637 1288 671 17.
1313 646 1354 671 ex
1371 647 1410 670 eo
1426 638 1578 681 perrexit
1588 638 1644 680 (‘?›‚

939 681 981 715 de
1013 684 1156 716 uetusto
1190 692 1287 716 more
1319 681 1458 717 colatur
1490 683 1509 718 Ι
1535 683 1589 726 15,
1615 684 1646 720 7.

939 727 1105 770 congruit
1121 727 1157 760 in
1177 727 1323 767 Pascha.
1352 753 1361 762 .
1381 753 1389 761 .
1416 727 1594 764 laetentur
1606 732 1643 764 et

939 772 996 806 illi
1022 772 1061 807 II
1084 773 1140 814 34,
1169 774 1183 806 1
1212 784 1264 817 sq.
1289 773 1387 815 fecit,
1415 773 1644 818 loquerentur

938 817 1066 862 lingua
1090 818 1232 852 diuersa
1257 820 1287 853 A
1325 819 1401 854 168.
1435 818 1644 855 Emmanuel

938 865 1057 897 autem
1073 867 1227 906 uocetur,
1248 864 1401 898 iusserat
1415 864 1497 898 illos
1510 866 1554 899 A.
1565 865 1644 900 407.

939 910 1033 953 quod
1058 909 1129 944 fuit
1146 912 1303 954 rogatus,
1331 909 1537 945 subueniret
1562 911 1645 946 uino

939 955 1074 989 defecto
1111 956 1153 990 A.
1179 956 1260 991 658.
1294 975 1340 981 —-
1370 956 1554 991 coniunct.
1573 967 1646 1000 pro

939 1011 1011 1035 acc.
1038 1011 1067 1034 c.
1091 1001 1186 1043 inf-t
1211 1000 1390 1036 Monteses
1407 1001 1488 1036 deos
1513 1001 1646 1042 dicitis,

939 1046 1166 1080 dominentur
1197 1047 1236 1081 in
1260 1057 1345 1082 auro
1377 1046 1395 1081 Ι
1419 1047 1474 1088 21,
1504 1048 1534 1081 1.
1583 1049 1644 1093 qui

941 1093 1057 1135 putas,
1091 1093 1172 1136 post
1205 1092 1329 1127 funera
1361 1103 1429 1126 non
1463 1093 1513 1127 sis
1546 1093 1563 1127 I
1589 1095 1645 1133 27.

941 1138 994 1171 11.
1009 1157 1055 1163 -
1074 1138 1259 1173 conium-t.
1275 1148 1396 1182 praes.
1409 1148 1481 1182 pro
1497 1138 1645 1180 futuro:

940 1183 990 1217 sic
1014 1183 1083 1218 erit
1107 1185 1150 1218 ut
1174 1194 1281 1227 perna
1306 1184 1452 1218 minime
1477 1184 1645 1219 salfacta:

939 1231 1120 1272 putrescat
1151 1229 1193 1264 A.
1227 1229 1281 1263 72.
1329 1229 1371 1263 de
1404 1229 1504 1274 ligno
1538 1230 1645 1264 uitali

940 1275 971 1308 si
987 1274 1181 1317 sumpserit
1198 1275 1273 1317 ille,
1291 1275 1327 1308 in
1344 1276 1524 1309 aeternum
1544 1276 1644 1310 uiuat

942 1323 983 1354 A.
1009 1320 1088 1354 326.
1121 1339 1162 1345 -
1194 1321 1379 1356 coniunct.
1411 1320 1559 1364 imperf.
1585 1322 1645 1356 uel

934 1366 1057 1410 plusq.
1082 1376 1155 1410 pro
1187 1365 1374 1411 oportebat
1404 1376 1433 1400 c.
1465 1376 1582 1401 aeonas.
1616 1379 1645 1402 c.

939 1411 1027 1454 infi:
1065 1412 1119 1446 lex
1150 1410 1195 1446 ab
1228 1412 1304 1456 ipso
1338 1412 1413 1446 lata
1448 1410 1578 1446 fuisset
1602 1427 1647 1443 =

940 1458 1130 1501 oportebat
1152 1457 1198 1493 ab
1221 1457 1301 1501 ipso
1323 1457 1430 1502 legem
1453 1458 1546 1496 ferri
1570 1458 1588 1492 I
1613 1460 1646 1500 6,

941 1503 996 1537 14.
1036 1505 1232 1538 occurreret
1256 1503 1314 1537 illi
1338 1513 1399 1547 per
1423 1512 1527 1538 auras
1553 1503 1570 1538 I
1592 1505 1643 1546 11,

942 1549 995 1583 15.
1030 1548 1219 1583 solueretis
1237 1559 1294 1582 eos
1312 1548 1428 1594 magis
1445 1548 1482 1582 in
1501 1550 1644 1584 uascula

939 1594 1040 1628 uobis
1058 1594 1076 1628 Ι
1092 1594 1147 1636 20,
1167 1594 1198 1628 7.
1228 1593 1409 1629 sufficeret
1427 1593 1502 1628 illis
1519 1594 1644 1639 utique

939 1641 980 1674 A.
1005 1639 1059 1674 22.
1093 1639 1304 1674 canentibus
1320 1642 1438 1674 rostra
1455 1640 1643 1675 elusissent

938 1685 982 1719 A.
1020 1685 1099 1720 388.
1147 1685 1384 1729 fecissentque
1426 1686 1567 1727 bonum,
1609 1691 1645 1720 et

937 1734 1039 1765 erant
1071 1731 1109 1765 in
1145 1733 1244 1775 parte
1278 1731 1391 1775 legati
1421 1732 1463 1766 A.
1489 1731 1569 1766 740.
1600 1751 1646 1758 —

938 1777 1121 1811 conium-t.
1148 1777 1245 1820 perf.
1266 1776 1313 1819 (ἓ)
1335 1787 1406 1820 pro
1429 1776 1560 1818 futuro
1586 1778 1645 1811 uel

932 1822 1151 1866 potentiali.-
1188 1825 1228 1856 tu
1265 1821 1296 1856 si
1328 1821 1414 1857 talis
1450 1823 1530 1865 eris,
1568 1823 1643 1857 sine

937 1878 1044 1902 causa
1060 1867 1181 1902 fideris
1199 1867 1238 1903 11
1257 1868 1310 1909 15,
1331 1867 1383 1904 10.
1398 1887 1444 1894 -
1458 1868 1646 1904 coniunct.

931 1914 1034 1957 perf.
1047 1923 1117 1957 pro
1133 1914 1369 1957 imperatiuo:
1395 1924 1492 1948 mens
1506 1915 1645 1958 patiens

938 1959 1064 2039 gueris:
1090 1959 1270 2003 intellege,
1295 1962 1488 2003 martyrem
1506 1970 1580 1994 esse
1607 1959 1644 1994 II

892 2062 1098 2106 conplacere
1129 2061 1343 2105 insequente
1373 2061 1443 2103 inf.
1479 2061 1538 2096 uel
1571 2072 1643 2097 acc.

940 2117 970 2142 c.
995 2107 1061 2149 inf.
1089 2109 1106 2140 1
1129 2107 1185 2146 22,
1209 2108 1242 2141 9.
1268 2109 1309 2140 A.
1336 2107 1412 2141 185.
1436 2107 1504 2141 359

892 2164 1052 2207 conplere
1069 2177 1114 2193 =
1130 2173 1397 2198 consummare:
1424 2173 1481 2197 sex
1498 2163 1644 2198 milibus

938 2209 1044 2243 aunis
1069 2209 1241 2253 conpletis
1267 2208 1307 2244 11
1332 2209 1387 2251 39,
1406 2209 1439 2243 8.
1477 2210 1644 2254 conpleto

937 2254 1129 2288 millesimo
1148 2264 1240 2288 anno
1258 2253 1298 2289 11
1314 2254 1371 2295 39,
1391 2254 1444 2288 18.
1480 2255 1644 2299 conpleto

937 2300 1055 2345 spatio
1082 2302 1122 2333 A.
1139 2299 1217 2334 835.
1244 2319 1287 2324 -
1313 2300 1414 2334 iuxta
1438 2299 1644 2344 prophetias

937 2345 1121 2390 conpleuit
1152 2344 1273 2379 omnia
1303 2344 1467 2379 Christus
1500 2347 1541 2379 A.
1567 2345 1645 2380 532.

938 2391 1077 2425 dixerat
1101 2393 1137 2425 et
1154 2390 1256 2435 ipsud
1275 2393 1310 2424 et
1327 2390 1509 2435 conpleuit
1527 2391 1645 2425 omnia

937 2436 1034 2471 dicta
1058 2437 1102 2471 A.
1125 2435 1206 2471 552.
1248 2438 1289 2470 ut
1314 2437 1484 2479 mysteria
1508 2435 1645 2471 Christi

937 2483 1057 2516 omnia
1083 2506 1120 2517 ..
1153 2481 1359 2525 conpleatur
1395 2481 1430 2515 11
1458 2481 1488 2523 1,
1523 2481 1566 2515 15
1593 2492 1644 2526 sq.

940 2530 1026 2561 tunc
1042 2529 1160 2561 autem
1174 2528 1365 2571 properant
1380 2526 1538 2571 conpleri
1553 2527 1645 2572 legis

938 2574 1081 2607 narrata
1106 2571 1194 2612 111,
1219 2573 1274 2606 21.
1301 2573 1420 2607 omnia
1436 2573 1643 2616 conplentes

938 2618 1029 2663 legis
1054 2617 1092 2653 11
1121 2620 1147 2658 1,
1173 2617 1232 2652 28.
1258 2617 1307 2661 cf.
1333 2617 1463 2662 replere

892 2685 1084 2719 conponere
1109 2685 1145 2709 se
1170 2689 1214 2704 =
1234 2685 1304 2719 per
1320 2673 1492 2716 fraudem
1509 2684 1545 2709 se
1561 2675 1640 2709 sub·

941 2730 1077 2755 ornare
1102 2719 1120 2755 1
1148 2720 1201 2761 17,
1228 2721 1266 2755 11

892 2767 1073 2810 conposite
1100 2780 1140 2795 =
1166 2766 1249 2808 fiete
1274 2766 1292 2801 I
1316 2765 1372 2805 41,
1395 2766 1418 2800 4

892 2813 1083 2856 conputare
1118 2825 1163 2840 =
1203 2812 1412 2847 aestimare:
1455 2811 1642 2846 secundum
