1934 3278
401 263 454 298 De
480 273 549 297 non
574 262 746 307 parcendo
773 262 810 296 in
835 261 938 296 deum
964 261 1259 306 delinquentibus.
1505 262 1588 304 245

81 387 264 438 meliosi,
310 387 379 441 qui
411 387 512 428 licet
541 388 784 440 peccatores
814 388 955 429 tamen
989 388 1177 428 sanctam
1206 387 1426 428 teneamus
1456 386 1585 429 fidem

84 457 363 512 apostolorum
404 457 528 510 atque
565 455 733 498 illorum
769 455 1015 510 populorum
1056 455 1126 509 qui
1166 454 1388 497 credentes
1420 455 1586 496 fuerant

81 525 122 575 in
153 525 321 567 unicum
361 524 427 567 dei
463 524 624 566 filium?
671 537 767 566 cum
809 524 1008 578 apostolis
1050 524 1207 566 idcirco
1250 522 1439 577 superbi,
1488 522 1586 576 quia

82 607 228 636 uocem
267 594 662 648 tuamapostatae,
711 593 808 648 quia
845 595 1027 635 terrores
1065 595 1160 634 tuos
1199 592 1395 646 sacrilegi
1427 591 1584 635 Christi

49 662 235 706 5militcs
268 661 471 704 ducamus
500 675 573 716 pro
605 661 753 713 nihilo,
788 662 885 716 quia
919 662 982 703 dei
1016 661 1148 703 filium
1181 674 1327 702 uerum
1360 660 1427 702 dei
1457 672 1583 714 prae-

83 730 269 773 dicemus
307 730 460 781 filium,
508 731 617 772 sicut
653 730 991 784 praedicauerint
1022 729 1255 772 beatissimi
1287 729 1476 783 apostoli.
1525 728 1583 770 sic

81 811 154 841 nos
185 798 260 840 tibi
291 799 474 852 proterui
505 798 744 852 petulantes
777 798 943 852 superbi
966 798 1170 849 uidemur,
1203 799 1250 839 ut
1271 797 1440 840 Iudaeis
1461 796 1584 839 uide-

80 867 229 914 bantur
262 867 517 909 sanctissimi
550 866 748 921 apostoli,
782 867 954 920 quibus,
987 867 1022 908 si
1052 866 1175 908 hodie
1207 866 1385 908 fuissent
1414 867 1455 907 in
1487 877 1582 907 cor-

78 935 260 990 poribus,
299 936 498 989 potueras
535 936 638 977 haec
682 935 820 977 dicere
863 948 968 990 quae
1013 935 1197 989 dignaris
1241 935 1380 977 dicere
1413 934 1467 976 ad
1498 945 1584 976 nos.

31 1025 64 1055 10
79 1004 314 1047 inuenimus
347 1005 500 1046 etenim
532 1017 695 1058 semper
725 1005 996 1058 praeceptum
1029 1004 1087 1046 eis
1120 1016 1188 1046 ore
1221 1003 1581 1056 comblasphemo-

78 1086 170 1115 rum
201 1075 367 1116 tuorum
399 1073 644 1123 scribarum,
676 1073 1011 1124 Pharisaeorum,
1052 1072 1285 1126 principum
1319 1072 1445 1126 atque
1477 1083 1582 1124 pon-

79 1141 204 1184 tificis
235 1141 502 1192 Iudaeorum,
539 1154 589 1184 ne
624 1141 823 1183 docerent
854 1154 960 1183 neue
992 1141 1287 1195 praedicarent
1317 1140 1485 1182 unicum
1518 1139 1586 1181 dei

79 1208 231 1260 filium3
276 1211 417 1253 tamen
461 1210 561 1264 quid
601 1210 664 1251 illi
704 1210 879 1252 fecerint
922 1210 1063 1264 accipe
1107 1210 1242 1252 adhuc
1286 1221 1393 1263 quae
1430 1209 1586 1262 scripta

81 1282 196 1331 sunt,
245 1292 295 1323 ne
326 1280 432 1321 forte
463 1279 598 1333 possit
627 1278 810 1320 tenebris
843 1279 1078 1332 saginatum
1110 1291 1180 1321 cor
1209 1280 1329 1320 tuum
1362 1276 1584 1331 aliquando

30 1359 62 1386 1⁵
81 1347 134 1394 ad
164 1347 390 1390 uidendam
423 1347 577 1390 adduci
608 1348 853 1390 ueritatem:
892 1362 974 1401 per
1006 1361 1162 1390 manus
1194 1348 1479 1401 apostolorum
1510 1348 1583 1399 lie-

79 1417 179 1460 bant
210 1419 335 1472 δέμνια
367 1422 404 1460 et
428 1418 629 1471 prodiyta
661 1419 799 1459 ntulta
833 1417 883 1458 in
913 1417 1049 1470 plebe.
1101 1421 1139 1458 et
1170 1419 1295 1458 erant
1324 1429 1407 1458 uno
1440 1416 1585 1457 amano

80 1500 216 1528 omnes
251 1487 296 1528 in
327 1488 500 1540 porticu
532 1488 790 1539 Salomonis,
829 1491 1058 1530 ceterorum
1088 1490 1227 1530 autem
1258 1501 1376 1530 nemo
1407 1486 1585 1529 audebat

79 1555 134 1597 ad
166 1555 262 1598 illos
293 1556 504 1607 accedere,
533 1557 604 1598 sed
634 1557 934 1611 maynificabat
965 1557 1061 1599 illos
1086 1557 1213 1610 plebs.
1258 1557 1474 1611 mayisque
1504 1554 1583 1597 ad·-

79 1624 285 1667 debantur
326 1626 533 1667 credentes
573 1627 743 1669 domi-no
782 1626 1013 1668 multitudo
1044 1627 1237 1668 uirorum
1266 1639 1316 1668 ac
1345 1624 1584 1675 mulierum,

8 1693 142 1751 ,nnita
175 1695 219 1734 ut
252 1694 296 1734 in
322 1693 477 1747 plateis
508 1695 685 1737 eicerent
717 1695 908 1748 infirmos
940 1699 976 1737 et
1010 1696 1257 1748 inponerent
1288 1695 1334 1736 in
1357 1693 1520 1737 lectulis
1547 1696 1584 1734 et

77 1761 290 1818 qmbutis,
338 1766 383 1804 ut
426 1764 616 1805 ueniente
647 1763 775 1806 Petro
806 1764 872 1806 uel
913 1765 1062 1806 umbra
1099 1763 1362 1806 <inumbraret
1401 1763 1584 1817 aliquem

81 1844 233 1873 eorum.
263 1834 301 1873 et
334 1831 625 1874 liberabantur
657 1833 708 1875 ab
739 1834 990 1887 infirmitate
1020 1846 1110 1875 sua.
1150 1833 1422 1875 concurrebat
1445 1835 1585 1874 autem

81 1899 308 1942 multitudo
337 1901 584 1943 uc‘cc'narum
615 1902 837 1944 ciuitatum
859 1902 1132 1945 Hierusalem
1149 1906 1370 1956 portantes
1391 1902 1585 1956 infirmos

81 1971 117 2010 et
148 1982 213 2012 eos
244 1970 318 2023 qui
349 1984 377 2012 a
408 1970 628 2024 spiritibus
663 1972 883 2015 irzrnundae's
916 1972 1192 2026 ueoeabantur,
1226 1975 1262 2013 et
1293 1984 1431 2013 omnes
1451 1984 1582 2013 sana-

31 2035 248 2087 nsbantur.
301 2051 525 2094 exsuryeus
564 2042 703 2082 autem
732 2041 938 2094 princeps
976 2041 1240 2083 sacerdotum
1269 2044 1305 2082 et
1337 2052 1477 2082 omnes
1508 2041 1582 2093 qui

81 2120 174 2149 cum
203 2107 279 2150 illo
311 2112 433 2150 erant
474 2109 658 2151 haeresis
699 2109 1043 2153 Sadducaeorum
1083 2109 1230 2162 repleti
1269 2111 1367 2151 sunt
1407 2109 1582 2151 inuidia

81 2178 117 2217 et
147 2177 378 2219 iniecerunt
409 2191 563 2220 manus
593 2179 792 2232 apostolis
822 2182 858 2221 et
882 2182 1119 2232 posuerunt
1141 2177 1236 2219 ¹illos
1270 2178 1316 2219 z'n
1338 2177 1582 2219 custodiam.

81 2244 255 2299 anyelus
278 2249 418 2288 autem
448 2247 613 2288 domini
644 2248 814 2300 aperuit
846 2248 1002 2289 ianuas
1033 2247 1215 2289 carceris
1246 2249 1283 2288 et
1314 2246 1459 2288 eduxit
1486 2245 1582 2287 illos

81 2312 243 2358 dicens.-
274 2315 329 2357 ite
359 2318 396 2357 et
427 2318 584 2358 stantes
616 2316 663 2358 in
694 2316 844 2371 templo
876 2316 1103 2371 loquimini
1124 2316 1180 2357 ad
1203 2315 1417 2369 populum
1438 2316 1581 2356 omnia

32 2382 208 2424 ”uerba
247 2383 362 2425 uitae
403 2383 543 2426 huius.
596 2397 688 2426 cum
718 2383 818 2426 haec
860 2386 999 2438 itaque
1041 2385 1281 2439 audissent,
1326 2385 1584 2426 introierunt

80 2450 152 2492 sub
183 2450 271 2494 luce
301 2453 350 2494 in
381 2453 580 2506 templum
611 2456 649 2495 et
678 2453 888 2496 docebant.
941 2453 1173 2495 adueniens
1209 2457 1348 2494 autem
1380 2454 1583 2506 princeps

81 2519 339 2561 sacerdotum
370 2523 405 2561 ct
436 2522 509 2574 qut
540 2534 634 2562 cum
665 2535 708 2563 eo
739 2524 861 2562 erunt
903 2526 1238 2563 conuocauerunt
1281 2521 1508 2563 concilium
1545 2525 1582 2563 et

216 2645 257 2679 15
283 2646 358 2679 Act.
387 2646 418 2689 ὅ,
446 2646 580 2680 12-29

149 2759 189 2793 14
216 2761 269 2804 ne]
297 2771 341 2794 au
366 2762 461 2795 coni.
490 2761 717 2796 Gallandius
813 2763 999 2807 aliquando
1026 2775 1091 2797 om.
1121 2775 1137 2797 c
1235 2763 1275 2796 17
1301 2764 1490 2799 solomonis

79 2814 118 2849 21
146 2817 299 2852 crabatis
404 2819 446 2853 24
473 2819 622 2864 spis-ibus
651 2832 693 2854 m.
719 2825 737 2855 1
849 2821 892 2855 26
918 2820 1167 2855 sadduceorum
1277 2823 1321 2856 29
1347 2821 1392 2856 ad
1417 2822 1581 2866 populum

80 2884 144 2907 vm·
173 2887 190 2910 ι·
282 2877 327 2911 30
351 2882 434 2922 post
461 2879 569 2914 uerba
594 2883 614 2913 5
641 2879 789 2914 litterae
815 2891 909 2914 eras.
