1934 3278
253 209 310 252 20
909 208 1106 243 Luciferi

254 335 364 385 bolo,
399 347 493 376 cum
523 335 688 375 tantum
721 333 886 375 intersit
906 333 1013 374 inter
1034 333 1185 374 beatae
1210 333 1415 374 ecclesiae
1437 333 1565 375 fidem
1589 334 1630 375 et
1650 334 1759 375 inter

258 404 466 446 haeresim
497 404 627 454 tuam,
661 403 861 456 quantum
891 402 1000 443 inter
1031 402 1171 442 lucem
1205 402 1329 454 atque
1360 402 1585 443 tenebras?

311 473 362 514 X.
394 472 523 514 Recte
555 484 629 512 uos
660 471 821 512 interea
854 470 936 511 dixi
957 470 1018 511 ita
1040 470 1255 523 separatos
1281 483 1304 511 a
1326 471 1457 520 nobis,
1492 471 1538 511 ut
1557 471 1757 513 tenebrae

255 542 351 583 sunt
382 540 599 594 separatae
634 552 656 580 a
685 539 855 588 lumine,
890 539 987 591 quia
1019 538 1110 580 sitis
1141 539 1411 580 tenebrarum
1443 539 1540 589 filii,
1573 540 1683 580 unde
1718 540 1759 580 et

253 610 448 651 tenebras
482 608 531 649 de
564 608 745 661 uipereis
768 607 964 648 cordibus
991 607 1262 649 euomueritis
1284 607 1449 648 uestris.
1485 608 1661 661 sperasti
1683 621 1757 649 nos

256 678 478 719 deflectere
507 690 530 717 a
550 677 621 717 uia
643 677 847 727 ueritatis,
870 677 1087 730 tamquam
1111 689 1190 717 non
1214 677 1417 717 sciremus
1442 677 1757 729 praemonuisse

255 746 446 800 spiritum
479 745 669 786 sanetum
708 758 780 798 per
811 745 981 786 beatum
1020 744 1213 786 Paullum
1257 745 1486 786 dicentem:
1534 759 1650 787 nenio
1680 759 1757 787 uos

253 816 476 857 conuineat
508 814 651 855 uolens
682 815 730 855 in
761 814 1000 855 humilitate
1030 827 1175 856 sensus
1206 817 1242 855 et
1271 814 1472 868 reliyione
1495 814 1754 868 angelorum,

254 897 359 936 quae
389 883 558 924 uidetur
589 882 816 923 ambulans
847 882 937 924 sine
968 895 1111 937 causa,
1144 883 1325 935 inflatus
1345 896 1469 924 sensu
1492 883 1636 925 carnis
1657 896 1758 925 suae

253 957 289 994 et
320 966 404 994 non
435 955 578 993 tenens
609 954 734 1004 eaput
766 965 815 992 ex
846 965 925 1004 quo
958 964 1077 993 omne
1108 964 1258 1004 eorpus
1274 966 1354 1004 per
1376 965 1578 994 conexum
1601 955 1639 993 et
1659 966 1754 993 con-

252 1022 510 1063 iunctionem
535 1020 786 1073 productum
816 1021 959 1061 crescit
990 1020 1038 1060 in
1071 1023 1343 1073 auymentum
1373 1021 1486 1073 fidei.
1549 1020 1756 1074 quomodo

251 1091 294 1132 te
329 1089 612 1131 ambulantem
635 1089 722 1131 sine
746 1101 887 1139 causa,
922 1089 1069 1130 alitum
1092 1089 1295 1142 serpentis
1319 1101 1387 1130 ore
1411 1089 1533 1140 Arrii,
1565 1090 1756 1131 inflatum

255 1172 379 1202 sensu
405 1158 541 1199 carnis
562 1158 674 1206 tuae,
700 1158 936 1211 apostatam
961 1157 1119 1199 factum
1142 1171 1425 1211 sequeremur,
1460 1171 1555 1200 cum
1580 1159 1758 1212 apostoli

252 1228 523 1282 praeceptum
564 1227 733 1280 cogeret
763 1227 895 1268 temet
933 1227 1088 1268 uitari?
1151 1227 1291 1268 dixisti
1340 1228 1450 1280 quod
1491 1228 1600 1268 enim
1640 1228 1757 1280 pacis

253 1309 382 1338 causa
414 1295 607 1349 coniungi
641 1295 884 1337 desiderans
916 1295 1044 1337 fueris
1074 1296 1453 1349 pseudoepiscopos
1486 1297 1626 1338 sectae
1657 1297 1756 1338 tuae

253 1366 392 1414 nobis3
436 1365 510 1406 sed
544 1365 750 1418 quomodo
789 1365 903 1406 istud
934 1364 1073 1406 facere
1104 1366 1388 1418 potueramus,
1427 1366 1474 1406 ut
1505 1379 1582 1407 non
1618 1366 1755 1416 deum,

254 1436 329 1477 sed
358 1435 400 1475 te
434 1434 522 1475 eius
557 1433 797 1475 audiremus
828 1434 1073 1475 inimicum?
1107 1447 1185 1475 non
1210 1447 1352 1475 sumus
1375 1436 1421 1475 ut
1443 1447 1517 1476 uos
1543 1435 1756 1485 excordes,

252 1505 299 1545 ut
332 1503 398 1544 dei
432 1503 556 1544 deum
587 1514 788 1555 negemus
820 1502 966 1552 filium,
1018 1503 1127 1544 sicut
1166 1503 1320 1556 negant
1359 1503 1505 1544 Iudaei
1537 1503 1758 1544 caecitatis

252 1573 417 1613 uestrae
465 1571 689 1624 participes
737 1584 783 1612 ac
827 1571 954 1612 duces
994 1572 1162 1612 uestrae
1200 1571 1529 1623 incredulitatis,
1579 1586 1755 1626 quorum

250 1639 554 1694 reprobationis
603 1639 838 1692 exemplum
889 1640 1038 1681 beatus
1087 1639 1309 1682 ostendens
1350 1641 1506 1683 Paulus
1554 1642 1656 1683 dicit
1704 1642 1756 1684 ad

249 1710 487 1751 Hebraeos:
535 1714 571 1751 et
603 1710 772 1764 Bloyses
808 1711 973 1763 quidem
1011 1711 1152 1763 fidelis
1183 1711 1231 1752 in
1262 1713 1347 1752 tota
1377 1711 1497 1753 domo
1530 1713 1618 1754 eius
1649 1716 1755 1753 tam-

251 1793 378 1832 quam
408 1791 555 1820 seruus
586 1778 634 1819 in
659 1779 893 1820 testimonio
927 1778 1105 1831 loquens,
1141 1779 1336 1821 Christus
1367 1783 1507 1821 autem
1539 1784 1757 1834 tamquam

249 1847 367 1901 filius
397 1848 444 1888 in
476 1848 594 1889 domo
628 1848 728 1898 eius,
762 1861 866 1900 quae
897 1848 1044 1889 domus
1075 1862 1149 1890 nos
1180 1862 1335 1899 sumus,
1368 1850 1406 1891 si
1437 1853 1578 1891 tamen
1600 1850 1754 1891 libera-

253 1916 414 1957 litatem
454 1919 491 1957 et
522 1916 821 1958 eoeultationem
860 1917 947 1968 spei
987 1917 1256 1969 tenuerimus,
1296 1921 1469 1970 propter
1507 1920 1614 1971 quod
1651 1920 1757 1961 elicit

251 1985 431 2037 spiritus
462 1989 654 2028 sanetus.-
684 1985 806 2027 hodie
836 1986 874 2027 si
904 1999 1045 2027 uocem
1077 1987 1164 2028 eius
1196 1987 1434 2039 audieritiS,
1468 1989 1595 2030 nolite
1622 2003 1752 2042 prae-

252 2053 410 2094 durare
441 2055 565 2096 eorda
603 2058 757 2106 uestra,
800 2055 910 2096 sicut
945 2055 994 2096 in
1032 2055 1344 2097 exacerbatione
1380 2057 1605 2098 secundum
1643 2058 1754 2099 diem

253 2123 542 2175 temptationis
572 2125 619 2165 in
649 2124 820 2179 deserto,
860 2124 931 2165 ubi
977 2126 1287 2177 temptauerunt
1320 2129 1467 2178 patres
1507 2127 1571 2168 tui
1611 2127 1658 2167 in
1689 2140 1755 2168 ex-

245 2192 505 2244 periment03
537 2195 576 2234 et
604 2194 809 2234 uiderunt
839 2206 964 2246 opera
995 2206 1086 2234 mea
1118 2194 1408 2248 quadraqinta
1440 2196 1583 2237 annis.
1647 2196 1754 2237 ideo-

252 2275 329 2313 que
353 2274 509 2313 perosa
539 2262 645 2303 milii
673 2276 774 2316 =qens
803 2265 875 2315 est,
907 2265 945 2303 et
974 2263 1087 2305 dixi:
1118 2276 1278 2315 semper
1308 2266 1456 2305 errant
1485 2265 1617 2306 corde.
1681 2265 1754 2305 isti

252 2332 390 2371 autem
421 2343 507 2371 non
539 2334 822 2384 coynouerunt
852 2333 948 2373 mas
980 2346 1106 2376 meas.
1140 2333 1247 2374 sicut
1277 2333 1426 2374 iuraui
1457 2333 1505 2374 in
1536 2334 1606 2374 ira
1638 2345 1754 2374 mea:

251 2399 288 2439 si
319 2399 542 2440 intrabunt
572 2400 619 2440 in
650 2401 836 2452 requiem
870 2415 1015 2444 meam.
1051 2402 1198 2454 uidete,
1230 2402 1399 2455 fratres,
1433 2415 1484 2442 ne
1507 2415 1608 2443 casu
1629 2403 1685 2443 sit
1705 2403 1754 2442 in

251 2467 392 2519 aliquo
423 2470 611 2509 uestrum
643 2482 713 2510 eor
746 2469 982 2523 maliynum
1014 2470 1330 2511 incredulitatis
1361 2470 1605 2511 discedendo
1636 2484 1663 2511 a
1683 2470 1755 2511 deo

390 2590 408 2623 7
435 2589 507 2625 Col.
535 2590 567 2632 2,
595 2591 649 2625 18.
676 2592 717 2626 19
812 2591 853 2626 21
881 2593 987 2627 Hebr.
1017 2592 1048 2633 3,
1076 2594 1096 2626 5
1121 2613 1166 2618 —
1190 2593 1222 2633 4,
1252 2594 1294 2627 10

320 2703 340 2736 3
365 2706 481 2737 rectae
576 2704 618 2737 10
643 2706 885 2740 coniunctione
982 2707 1023 2740 12
1047 2707 1123 2741 Arii
1140 2707 1162 2740 i.
1181 2717 1282 2740 sensu
1303 2707 1411 2751 uulyo
1430 2707 1660 2752 coniunyunt

252 2758 295 2793 13
320 2762 482 2803 apostata
517 2762 561 2804 V;
587 2773 648 2796 em.
678 2763 791 2797 Coleti
911 2765 952 2797 15
979 2767 1072 2799 secte
1190 2764 1233 2799 23
1258 2764 1460 2798 libertatern
1487 2763 1659 2798 Sabatier

250 2816 293 2851 27
323 2817 431 2860 patris
525 2818 569 2852 28
595 2819 669 2853 anis

1778 963 1811 988 10

1777 1306 1811 1331 15

1775 1658 1810 1683 20

1774 2000 1809 2025 25

1773 2342 1808 2366 30
