1934 3278
238 234 316 276 188
890 229 1085 264 Luciferi

234 359 461 409 ciuitatem,
484 358 532 398 ut
550 355 697 397 ueniat
717 355 773 397 ad
793 367 867 396 uos
888 355 1022 396 omnis
1043 355 1219 409 sanquis
1241 356 1462 407 iustorum,
1484 356 1557 409 qui
1579 355 1740 408 effusus

237 431 442 480 estsuper
472 429 642 478 terram,
676 439 704 466 a
734 424 945 478 sanquine
967 424 1070 466 Abel
1102 425 1207 466 iusti
1238 438 1365 478 usque
1397 426 1452 468 ad
1484 426 1739 479 sanquinem

240 496 482 538 Zachariae
509 494 595 548 filii
625 493 887 547 Barachz'ae,
928 506 1049 545 quem
1080 494 1290 535 occidistis
1329 494 1439 535 inter
1469 494 1671 547 templum
1702 497 1741 535 et

238 565 386 606 altare.
420 577 543 605 amen
574 562 691 605 uobis
715 562 818 615 dico,
862 561 1033 603 uenient
1063 561 1162 603 haec
1193 563 1339 604 omnia
1370 576 1495 615 super
1524 563 1738 617 generati-

237 645 354 674 onem
383 633 523 675 istam.

291 702 426 743 XXII.
460 700 654 742 Probaris
690 699 851 740 actibus
883 699 965 740 tuis
999 712 1047 739 ex
1078 699 1150 740 illo
1181 711 1335 752 genere
1367 700 1407 740 te
1441 712 1532 741 esse
1555 699 1735 752 uipereo.

238 769 436 811 inueniris
469 769 620 810 etenim
662 780 752 809 esse
784 780 890 809 unus
923 780 970 808 ex
1001 767 1098 817 illis,
1144 768 1194 808 ad
1228 780 1330 820 quos
1362 768 1463 808 haec
1499 768 1609 821 quod
1641 782 1737 822 per-

234 838 435 892 petraturi
470 838 609 878 essent
642 836 897 878 dicebantur.
947 836 1018 876 aut
1050 836 1085 878 si
1116 848 1244 889 negas
1278 849 1368 878 esse
1400 837 1442 878 te
1475 849 1522 877 ex
1553 837 1636 879 illis
1669 837 1737 890 qui

236 906 410 947 audiunt
441 918 510 947 ore
544 905 719 946 domini:
751 907 972 957 serpentes,
1003 905 1281 957 yeneramina
1311 906 1576 958 uipemrum,
1609 907 1739 958 proba

230 988 308 1016 non
331 976 386 1025 te⁷
411 974 485 1015 sed
506 973 686 1015 Iudaeos
710 972 942 1014 destinasse
968 973 1144 1014 militem
1171 973 1221 1014 ad
1247 973 1556 1024 Alexandriam,
1580 974 1736 1016 Iudae-
1760 983 1790 1007 10

231 1057 347 1085 orum
379 1042 555 1083 militem
589 1042 803 1084 obsedisse
836 1041 944 1082 fores
978 1041 1044 1082 dei
1078 1042 1238 1092 domus,
1274 1042 1525 1083 ludaeorum
1556 1043 1737 1084 militum

231 1113 380 1154 ducem
402 1111 531 1152 fuisse
555 1110 785 1164 Syrianum.
819 1110 948 1162 proba
970 1110 1149 1151 Iudaeos
1166 1110 1378 1163 ingressos
1399 1110 1619 1152 basilicam
1642 1124 1737 1152 cum

231 1182 356 1223 armis
381 1181 504 1234 atque
528 1181 690 1221 certum
712 1191 930 1220 numerum
952 1179 1226 1220 interfecisse.
1261 1179 1295 1220 si
1316 1180 1491 1232 probare
1509 1192 1586 1221 non
1604 1181 1735 1233 potes,

230 1250 327 1303 quia
349 1249 511 1291 constet
531 1249 573 1290 te
595 1248 760 1289 misisse
795 1249 846 1289 ad
871 1248 938 1289 dei
960 1248 1271 1301 inpugnandam
1293 1248 1551 1301 religionem,
1583 1248 1735 1290 rectis-

230 1320 334 1361 sime
367 1318 544 1360 dicimus
574 1318 616 1359 te
648 1330 775 1358 unum
809 1330 900 1359 esse
936 1330 983 1358 ex
1011 1317 1107 1368 illis,
1143 1317 1195 1358 ad
1229 1330 1330 1371 quos
1355 1317 1512 1358 dictum
1537 1317 1620 1358 est:
1652 1330 1735 1359 ser·
1756 1332 1789 1357 15

219 1391 376 1443 pentes,
425 1386 698 1441 yeneramina
744 1386 1016 1440 imperaram,
1064 1387 1266 1439 quomodo
1309 1386 1481 1440 fuyietis
1525 1386 1735 1428 iudicium

225 1454 470 1508 ychennae?
501 1466 580 1495 non
612 1453 699 1494 sine
733 1452 857 1494 dubio
889 1451 1024 1506 fugies
1056 1452 1259 1494 iudicium
1290 1453 1517 1506 gehennae,
1551 1454 1623 1496 sed
1654 1455 1735 1497 eris

229 1535 391 1576 semper
421 1522 506 1563 illic
550 1521 699 1562 ardens
740 1533 835 1562 cum
879 1521 1220 1574 conserpentibus
1258 1521 1355 1572 tuis,
1402 1523 1481 1564 nisi
1520 1523 1595 1565 tibi
1635 1537 1733 1576 pro-

232 1591 427 1645 spexeris.
460 1594 572 1639 tunc,
605 1589 752 1643 inquit,
785 1591 955 1632 tradent
976 1603 1051 1632 uos
1071 1590 1120 1631 in
1143 1591 1459 1632 tribulationem
1490 1594 1528 1633 et
1548 1593 1736 1634 occident

229 1673 314 1711 uos,
345 1663 384 1702 et
412 1660 531 1702 eritis
563 1659 654 1701 odio
685 1659 878 1701 omnibus
907 1659 1099 1713 yentibus
1121 1662 1295 1712 propter
1325 1673 1477 1702 nomen
1507 1674 1655 1703 meum.
1697 1665 1733 1703 et
1753 1675 1787 1699 κο

225 1733 326 1770 tunc
355 1727 767 1770 scandalizabuntur
797 1727 923 1769 multi
952 1730 989 1768 et
1020 1727 1202 1769 inuicem
1233 1727 1403 1769 tradent
1431 1731 1471 1771 et
1500 1729 1593 1771 odio
1614 1730 1731 1772 habe-

226 1798 327 1840 bunt
357 1797 556 1839 inuicem.
588 1798 624 1837 et
654 1795 780 1837 multi
802 1795 1190 1849 pseudoprophetae
1212 1799 1437 1850 exsuryent
1468 1800 1506 1839 et
1535 1798 1733 1841 seducent

224 1865 386 1908 multos.
442 1867 479 1906 et
509 1864 714 1917 quoniam
745 1864 978 1906 abundabit
1007 1864 1233 1919 iniquitas,
1260 1865 1537 1919 perfriyescet
1568 1868 1732 1910 caritas

223 1934 463 1976 multorum.
502 1933 536 1975 si
568 1945 648 1974 non
679 1945 796 1974 mens
827 1933 901 1974 tua
934 1932 1141 1986 sacrilega
1173 1933 1253 1974 scit
1283 1946 1350 1974 me
1372 1935 1540 1988 propter
1562 1936 1729 1977 unicum

228 2002 293 2043 dei
324 2001 457 2043 filium
496 2001 583 2055 pati
621 2001 955 2054 persecutionem
997 2014 1020 2042 a
1049 2001 1105 2051 te,
1147 2001 1302 2054 poteris
1334 2015 1413 2043 non
1449 2016 1539 2045 esse
1575 2003 1624 2045 de
1656 2005 1729 2046 illo
1750 2015 1784 2041 25

224 2082 390 2125 genere⁷
413 2082 493 2111 non
517 2082 608 2111 esse
630 2069 671 2110 in
693 2069 858 2110 illorum
882 2069 1089 2110 sententia
1112 2069 1164 2110 ad
1189 2082 1291 2123 quos
1315 2070 1487 2112 dicitur:
1509 2076 1730 2128 serpentes,

221 2139 496 2195 yeneramina
525 2139 786 2191 uiperarum‚
819 2139 1020 2191 quomodo
1049 2138 1225 2192 fuyietis
1256 2153 1283 2181 a
1303 2139 1463 2182 iudicio
1481 2141 1729 2195 gehennae?

222 2209 312 2251 ideo
343 2216 428 2251 eece
459 2208 582 2249 mitto
614 2207 670 2249 ad
701 2220 777 2249 uos
799 2206 1032 2260 prophetas
1063 2210 1100 2249 et
1130 2208 1342 2261 sapientes
1372 2211 1412 2250 et
1430 2209 1591 2252 scribas
1620 2213 1657 2252 et
1679 2224 1730 2253 ex

225 2277 311 2320 illis
350 2276 544 2320 occidetis
583 2278 621 2317 et
659 2276 914 2330 crucifigetis
959 2279 997 2318 et
1026 2277 1342 2330 persequemini
1381 2278 1431 2319 de
1469 2278 1641 2320 ciuitate
1680 2279 1730 2320 in

221 2346 451 2389 ciuitatem.
485 2357 591 2398 quae
623 2357 719 2386 cum
748 2345 795 2386 tu
829 2345 886 2386 sis
917 2357 1065 2398 gerens
1098 2345 1235 2396 hodie,
1268 2358 1421 2399 negare
1451 2359 1530 2388 non
1554 2347 1728 2389 audebis
1747 2356 1781 2381 30

222 2416 263 2456 te
298 2415 348 2456 de
381 2414 550 2467 uiperae
584 2425 674 2455 esse
706 2414 916 2467 progenie.
971 2413 1221 2455 interemisti
1255 2414 1363 2455 enim
1385 2415 1530 2456 multis
1560 2415 1600 2456 in
1622 2415 1727 2457 locis

358 2506 400 2540 15
424 2505 553 2539 Matth.
579 2505 635 2546 23,
662 2505 705 2540 33
803 2506 844 2541 19
869 2505 915 2540 ib.
942 2505 997 2547 24,
1024 2506 1137 2541 9-13
1230 2505 1274 2540 26
1300 2505 1348 2539 ib.
1373 2506 1428 2547 23,
1455 2506 1498 2540 33

288 2597 308 2630 6
335 2597 395 2631 illo
422 2598 513 2632 coni.
543 2597 667 2642 Goleti,
693 2598 760 2632 alio
792 2599 826 2633 V
915 2599 983 2633 alio
1009 2609 1042 2643 g.
1060 2600 1086 2632 t.
1106 2609 1133 2632 e.
1160 2609 1262 2643 quam
1286 2598 1426 2643 uipereo
1451 2599 1543 2633 coni.
1574 2599 1725 2633 Gallae-

220 2654 308 2702 dius
424 2653 446 2688 8
470 2653 653 2689 dicebatur
677 2655 765 2697 fort.
886 2655 925 2689 11
954 2655 1073 2690 domos
1193 2655 1235 2690 15
1261 2656 1298 2689 at
1410 2655 1451 2689 17
1476 2655 1635 2699 gehenne

218 2704 317 2766 fuges
418 2723 459 2757 21
485 2723 590 2758 hodio
684 2724 728 2759 23
751 2723 973 2759 habundabit
1065 2725 1109 2759 26
1134 2724 1273 2759 sentina
1298 2724 1386 2767 fort.
1486 2724 1529 2758 29
1553 2726 1726 2770 persequi-

220 2779 304 2813 mini
328 2790 349 2813 v
442 2779 487 2813 30
512 2780 615 2815 hodie
639 2791 762 2825 gerens
789 2793 809 2817 v
909 2780 951 2815 31
979 2782 1119 2826 uiperae
1145 2793 1219 2816 esse
1243 2781 1409 2826 progenie
1434 2782 1583 2826 scripsi,
1608 2783 1726 2827 uipere

219 2846 294 2870 esse
318 2836 519 2880 progeniem
551 2838 601 2871 Vv
