1934 3278
654 191 707 224 De
734 189 873 234 regibus
899 189 1118 235 apostaticis.
1576 194 1629 238 51

129 317 498 370 exacerbationem,
540 319 585 357 ut
622 315 889 358 emacerbaret
926 316 1049 357 deum
1089 319 1127 358 et
1158 317 1351 359 animam
1380 330 1503 360 suam
1533 319 1622 361 dis—

122 386 328 440 perderet,
374 388 413 427 et
456 385 695 439 maliqnum
738 384 839 438 fecit
883 398 1009 438 super
1054 398 1191 428 omnes
1231 400 1343 441 reyes
1373 387 1511 430 Israel
1557 389 1631 441 qui

129 455 302 507 fuerunt
332 456 431 496 ante
461 467 570 496 eum.
622 454 706 497 noli
740 453 874 495 adhuc
907 454 948 496 te
983 454 1117 496 sinere
1152 468 1243 498 esse
1278 456 1387 510 apud
1419 458 1629 509 Arrianos,

130 525 205 567 sed
236 525 301 566 fac
333 524 556 566 transitum
590 524 642 566 ad
673 536 747 566 nos
780 523 1051 574 Christianos,
1086 524 1236 578 quibus
1259 526 1354 567 sunt
1375 526 1435 567 ita
1456 529 1631 570 cunctae

92 594 325 636 ⁵haereses
356 593 403 635 ut
435 594 498 636 est
528 593 646 635 Baal.
709 593 767 635 sic
800 606 876 635 uos
907 606 1013 635 nunc
1047 594 1164 636 nobis
1197 594 1298 636 estis
1329 596 1544 649 haeretici,
1585 599 1633 639 ut

128 662 214 704 illis
244 662 412 705 illorum
450 662 686 716 temporum
726 662 793 704 dei
835 662 1065 705 cultoribus
1104 663 1257 704 fuerint
1294 663 1356 705 illi
1397 664 1466 718 qui
1506 665 1630 708 idolis

127 731 422 781 immolabant;
454 744 527 785 per
557 733 663 773 113110
696 731 905 774 haeresim
935 733 1052 773 tuam
1090 732 1191 774 mihi
1224 732 1348 774 crede
1388 734 1498 787 quod
1533 735 1632 777 talis

131 801 188 843 sis
221 800 373 844 nostris
405 801 676 855 temporibus,
711 800 847 855 qualis
878 800 1004 842 fuerit
1036 802 1076 842 et
1110 801 1267 843 Achab.

187 869 280 911 VII.
311 869 373 912 Ne
405 870 482 912 tibi
512 871 656 924 itaque
679 870 861 924 placeas,
895 870 1005 924 quod
1029 883 1107 912 non
1132 870 1275 912 statim
1296 871 1372 913 tibi
1399 871 1631 914 reddiderit

78 945 111 970 ¹0
132 938 247 990 deus,
282 939 446 993 quando
478 939 625 981 uideas
665 939 759 981 huic
792 940 938 981 Achab
981 941 1022 981 et
1064 940 1179 982 uxori
1222 940 1310 982 eius
1349 941 1528 991 Iezabel,
1563 942 1632 995 qui

131 1008 257 1050 etiam
291 1009 514 1062 prophetas
546 1008 777 1050 occiderint
809 1008 978 1059 domini,
1012 1008 1081 1062 qui
1112 1009 1153 1050 in
1184 1010 1300 1051 tanto
1324 1009 1481 1052 scelere
1503 1010 1631 1052 fuisse

128 1077 392 1118 inueniantur
424 1077 595 1128 uersati,
629 1077 676 1118 ut
706 1076 867 1118 nullum
898 1077 939 1118 in
970 1078 1082 1118 terra
1112 1078 1245 1119 Israel
1268 1077 1334 1119 dei
1356 1091 1400 1120 se
1422 1079 1631 1120 hominem

129 1145 398 1188 confitentem
419 1146 685 1200 permiserint
709 1145 928 1197 demorari,
951 1147 1211 1200 pepercitum
1233 1147 1360 1189 fuerit
1383 1147 1633 1190 diutissime.

128 1214 212 1257 noli
243 1216 319 1257 1100
351 1215 503 1257 intueri
531 1216 655 1270 quod,
688 1228 785 1257 cum
817 1215 874 1257 sis
904 1215 1188 1266 malefaciens,
1231 1216 1446 1270 superbias
1487 1217 1629 1258 tamen

78 1290 111 1315 1⁵
127 1283 168 1324 in
201 1283 428 1326 sceleribus
459 1285 567 1333 tuis;
601 1285 675 1327 sed
705 1285 823 1335 illud,
858 1286 1029 1327 obsecro
1060 1285 1117 1335 te,
1150 1284 1297 1327 uideas
1331 1285 1454 1339 quod,
1487 1285 1564 1327 nisi
1589 1286 1631 1326 te

128 1353 400 1403 conuerteris,
442 1354 488 1394 ut
524 1353 608 1396 illis
650 1366 742 1395 sero
779 1353 883 1395 licet
930 1353 1099 1395 reddita
1137 1354 1232 1395 sunt
1271 1354 1421 1396 merita
1461 1366 1631 1407 operum

129 1433 311 1471 suorum,
344 1421 406 1463 ita
438 1422 480 1463 et
509 1422 587 1464 tibi
618 1434 742 1476 posse
774 1422 1094 1476 repraesentari.
1147 1435 1197 1464 ne
1231 1422 1403 1464 dixeris:
1436 1423 1512 1464 diu
1533 1423 1632 1464 hinc

126 1491 175 1532 in
213 1504 336 1545 reyno
369 1504 484 1546 sum,
532 1490 632 1533 hinc
664 1494 819 1545 potens
858 1505 965 1548 sum,
1013 1492 1120 1545 quod
1161 1493 1275 1534 enim
1314 1491 1467 1533 bonam
1505 1491 1630 1545 fidem

129 1561 304 1611 teneam,
338 1560 446 1613 quod
474 1560 637 1613 faciam
669 1563 775 1602 recte
799 1561 1087 1614 persequendo
1119 1574 1186 1603 eos
1217 1561 1291 1614 qui
1314 1561 1499 1611 credunt,
1532 1573 1632 1613 quo-

75 1629 242 1671 mmodo
281 1641 364 1670 sese
401 1629 580 1670 continet
626 1628 704 1671 illa
741 1629 846 1682 fides
879 1630 1088 1682 descripta
1120 1629 1238 1682 apud
1272 1629 1458 1671 Niciam.
1510 1629 1629 1677 11300,

127 1696 312 1749 inquam.
346 1709 396 1738 ne
431 1696 596 1747 dixeris,
632 1697 706 1738 sed
737 1697 810 1739 illa
840 1710 987 1752 precor
1017 1698 1060 1739 te
1093 1697 1252 1747 uideas,
1294 1697 1405 1751 quod
1437 1697 1546 1738 enim
1579 1697 1631 1739 ad

129 1765 205 1806 hoc
239 1766 295 1806 sis
327 1765 421 1818 post
449 1767 569 1807 tanta
602 1766 746 1807 funera
774 1767 849 1807 tua
880 1766 1135 1820 superbiens,
1169 1766 1215 1806 ut
1248 1766 1319 1807 aut
1351 1766 1525 1807 audiens
1557 1778 1631 1807 nos

129 1833 196 1874 dei
229 1834 470 1876 sacerdotes
502 1836 636 1876 temet
668 1836 890 1877 conuertas
933 1835 985 1876 ad
1019 1834 1142 1876 deum
1176 1835 1247 1876 aut
1278 1835 1392 1876 certe
1424 1835 1630 1888 percipias

129 1902 257 1956 digna
272 1903 479 1945 factorum
502 1904 670 1946 tuorum
692 1904 805 1954 tunc,
831 1904 995 1958 quando
1016 1903 1154 1945 dicere
1173 1916 1252 1945 non
1270 1903 1433 1945 ualebis
1453 1903 1630 1945 inscium

75 1971 169 2013 2⁵te
203 1984 377 2014 errasse.
411 1973 513 2014 haec
546 1972 607 2014 ita
639 1985 729 2015 esse
762 1973 947 2014 'aduerte
990 1972 1177 2026 exemplo
1208 1971 1455 2027 fadmonitus
1486 1972 1630 2014 Achab

130 2040 171 2081 et
208 2041 504 2094 prophetarum
553 2041 711 2083 domini
752 2041 1031 2083 interfectoris
1074 2042 1115 2083 et
1155 2041 1338 2083 omnium
1380 2040 1630 2083 daemonum

127 2109 313 2151 cultoris.
346 2110 453 2151 hunc
485 2110 573 2151 tam
597 2110 849 2152 sceleratum
872 2109 1069 2164 intellege
1091 2109 1186 2151 ideo
1212 2110 1307 2163 post
1330 2110 1448 2151 tanta
1471 2110 1631 2152 scelera

127 2177 255 2218 fuisse
287 2178 327 2219 in
358 2190 486 2231 regno
520 2178 590 2220 diu
620 2180 895 2229 reseruatum,
937 2179 984 2220 ut
1020 2177 1190 2220 tandem
1234 2191 1277 2219 se
1319 2178 1352 2220 si
1392 2179 1497 2220 uelit
1528 2191 1629 2220 con-

128 2247 325 2295 uerteret,
359 2246 426 2287 cui
449 2259 527 2288 non
552 2247 684 2289 solum
709 2260 785 2289 non
809 2247 1174 2300 repraesentantur
1197 2247 1402 2288 malorum
1425 2247 1630 2289 factorum

74 2324 110 2350 ⁸0
128 2326 296 2356 suorum
329 2315 490 2364 merita,
525 2315 597 2357 sed
632 2316 673 2357 et
702 2316 742 2357 in
776 2316 1169 2371 angustiisjiuuatur
1202 2315 1253 2356 ad
1277 2316 1353 2356 hoc
1378 2315 1465 2356 sine
1489 2315 1628 2364 dubio,

125 2383 171 2424 ut
201 2383 332 2436 possit
363 2384 554 2426 conicere
589 2397 666 2425 non
700 2398 742 2426 se
776 2398 848 2438 per
869 2385 973 2426 Baal
994 2385 1034 2425 01
1057 2383 1240 2437 reliquos
1265 2384 1501 2431 daemones,
1526 2395 1630 2436 quos

128 2451 281 2493 ethnici
326 2451 425 2494 deos
466 2453 716 2506 nuncupant,
764 2453 1036 2502 uindicatum,
1085 2452 1158 2493 sed
1202 2465 1274 2504 per
1303 2451 1437 2507 11101111]
1480 2450 1627 2501 Israel,

126 2520 246 2561 cuius
279 2521 523 2574 prophetam
558 2535 699 2563 30011111
732 2521 896 2563 uideret
926 2522 1164 2575 loquentem
1207 2522 1330 2574 atque
1371 2520 1447 2562 sibi
1482 2520 1627 2561 110013-

124 2590 302 2639 131110111,
336 2603 514 2643 quonam
546 2590 669 2632 modo
703 2590 805 2632 deus
845 2591 994 2632 fuisset
1035 2591 1224 2631 inimicos
1257 2588 1542 2630 Israelitarum
1576 2587 1630 2629 ad

75 2665 110 2690 ³⁶
128 2656 303 2698 nihilum
335 2658 595 2701 redacturus.
632 2659 854 2701 obsederat
887 2659 994 2699 enim
1027 2659 1137 2699 filius
1164 2658 1276 2700 Ader
1298 2670 1370 2699 rex
1393 2656 1627 2699 Samariam

198 2759 216 2792 7
244 2762 326 2804 quot
420 2761 441 2796 8
466 2762 553 2797 acab
647 2762 691 2797 20
717 2765 800 2807 aput
893 2762 933 2796 ‘21
963 2762 1071 2797 adhoc
1098 2766 1178 2807 (pro
1204 2761 1330 2803 adhuc)
1357 2761 1538 2796 Latinius
1582 2802 1585 2804 ,

128 2817 168 2851 31
198 2815 303 2852 bahal
397 2818 440 2853 34
467 2820 640 2867 inimicus:

1452 2877 1495 2909 4⁴}
