1934 3278
526 238 763 275 uerborum
788 238 835 273 et
858 237 1146 273 locutionum.

49 366 269 410 iustitiamCP)
278 366 331 400 uis
344 365 419 400 fieri
431 366 471 399 ut
483 365 611 399 absens
619 363 806 399 damnetur

50 412 265 493 iugtioialga
288 459 406 492 uestra
423 456 522 491 uobis
540 457 647 491 etiam
663 455 804 491 nomina

98 502 278 548 adplicata
301 502 380 543 275,
407 503 450 537 30

52 631 278 685 Labandago
302 641 380 676 314.
407 641 428 674 3

50 686 165 730 legere
182 690 237 726 (ε
256 686 426 729 recitare)
443 685 522 724 328,
536 685 580 718 25
599 684 656 729 (cf.
671 683 749 724 329,
769 683 804 729 1)

50 731 179 766 leonini
204 732 353 776 gemitus
379 732 455 771 113,
483 731 526 765 19

51 777 167 811 leuare
192 788 288 811 arma
311 777 390 817 232,
416 777 461 811 22
645 797 651 804 ·

49 822 150 857 limes
174 823 349 857 Romanus
373 826 430 867 (--..
447 822 642 867 imperium
659 821 721 864 R.)
747 820 802 862 61,

96 868 149 903 26.
176 868 256 910 292,
281 868 326 902 24

49 914 162 949 locum
186 914 424 958 paenitentiae
449 913 610 948 exhibere
634 913 690 953 61,
716 912 738 946 8

50 959 153 1004 longe
179 970 214 994 es
239 971 260 994 a
284 960 421 994 iustitia
447 960 523 1001 104,
549 958 593 993 28

50 1005 84 1040 lo
109 1005 202 1039 uitur
216 1005 306 1040 liber
320 1006 517 1040 trinitatem
534 1005 589 1046 94,
606 1004 648 1038 12
665 1004 713 1048 cf.
727 1003 805 1045 101,

50 1096 181 1131 lucere:
214 1097 374 1132 luxerunt
405 1097 465 1142 (=
495 1096 672 1131 intellecti
704 1097 804 1140 sunt)

95 1141 226 1177 fructus
250 1143 303 1177 tui
329 1143 406 1183 155,
431 1142 453 1176 2

52 1187 184 1222 luctam
208 1199 327 1233 gerere
353 1188 432 1229 250,
459 1189 478 1222 7

51 1232 188 1268 ludere:
212 1235 346 1279 sagitta
370 1235 481 1279 figens
506 1234 542 1268 in
566 1244 642 1268 meo
667 1244 807 1278 corpore

98 1278 306 1314 diuitissime
331 1280 432 1314 ludas
459 1280 538 1321 314,
564 1280 585 1314 5

50 1323 149 1358 ludos
173 1325 357 1370 praebere:
381 1328 421 1359 tu
436 1325 537 1360 ludos
552 1325 620 1359 tibi
636 1325 808 1370 praebens

97 1369 140 1405 de
164 1373 283 1406 nostro
308 1371 477 1416 sanguine
502 1371 621 1406 dixisti
647 1371 701 1411 79,
730 1371 746 1405 1

50 1416 123 1451 lues
149 1419 183 1451 et
208 1419 324 1461 pestes
350 1428 411 1451 uos
434 1417 553 1462 fugere
570 1416 734 1452 decuerat
753 1417 806 1458 11,

96 1461 140 1496 25
166 1463 212 1505 cf.
240 1463 294 1504 17,
319 1463 364 1497 29

54 1506 186 1542 lumina
211 1510 270 1552 (=
294 1509 405 1554 oculi)
430 1510 509 1551 314,
538 1509 580 1544 13

51 1634 349 1681 Machinamenta
373 1648 406 1687 3,
432 1648 454 1681 4

51 1693 205 1725 mactare
229 1693 289 1736 (=
314 1693 532 1737 interficere)
553 1693 629 1734 121,
648 1692 702 1727 23.
729 1692 806 1734 129,

96 1735 141 1789 25
165 1738 315 1782 saepius

50 1792 161 1863 ‘¹¹⁴3ss
174 1785 636 1875 {515223323233622
650 1784 807 1875 ¹p⁵1113231

98 1877 277 1909 secrantur
299 1875 379 1917 327,
405 1877 426 1910 6

56 1928 112 1952 ma
139 1919 147 1926 '
167 1920 293 1955 terium
316 1925 372 1964 (=
399 1922 618 1968 disciplina)
645 1922 724 1962 312,
750 1922 804 1956 25.

141 1965 172 2006 5,
200 1966 240 2000 11
267 1968 418 2012 saepius

159 2010 264 2046 alium
288 2012 403 2047 fuerat
428 2014 514 2048 satis
539 2013 617 2054 232,
643 2013 687 2047 27

52 2065 109 2090 ma
124 2055 259 2092 edictae
284 2058 551 2094 adinuentiones
585 2059 661 2100 163,
688 2059 733 2093 25
758 2059 806 2102 cf.

97 2100 152 2154 26,
177 2102 232 2136 29.
259 2104 314 2144 61,
342 2105 380 2139 11
409 2106 561 2150 saepius

51 2146 272 2192 mahgnitas:
304 2161 395 2184 mors
420 2151 457 2184 in
506 2161 524 2185 e
568 2152 684 2186 etuam
708 2150 806 2185 mali·

125 2238 132 2245 .
145 2193 269 2228 itatem
291 2195 404 2230 inlata
428 2162 507 2237 302),
527 2162 565 2230 ¹2)

52 2247 86 2271 m
135 2249 240 2283 gnum
272 2242 454 2276 concilium
478 2244 631 2277 uestrum
659 2242 735 2283 130,
764 2243 806 2277 13

97 2285 143 2327 cf.
173 2285 227 2325 63,
254 2286 308 2322 23.
337 2287 412 2328 147,
441 2289 470 2323 7.
498 2288 575 2328 176,
603 2288 645 2322 15

56 2329 314 2366 maliuolentiac
339 2335 421 2367 tuae
446 2334 559 2368 uisum
586 2334 663 2371 126,
691 2334 733 2368 13
758 2334 805 2377 cf.

100 2376 175 2415 169,
203 2377 245 2410 15
268 2378 529 2419 (maleuolentia
554 2380 632 2420 142,
659 2380 680 2413 6
704 2380 809 2423 alibi)

52 2420 144 2455 malo
160 2422 283 2458 salutis
302 2435 384 2458 suae
401 2435 459 2459 cor
476 2424 671 2460 stabilitum
688 2425 744 2464 27,
762 2424 806 2458 27

53 2469 248 2547 magbcgpage
274 2481 311 2503 se
335 2469 438 2504 idolis
463 2471 519 2511 42,
544 2470 589 2504 24
614 2472 660 2514 cf.
680 2471 756 2511 101,
775 2471 805 2505 6.

54 2558 245 2639 ιῃεὲῐὲειὶωὲἓ
278 2560 332 2598 82,
366 2561 397 2596 2.
437 2562 515 2602 176,
550 2562 601 2596 17.
643 2562 719 2603 195,
751 2561 806 2596 25.

53 2650 280 2685 mansuetudo
304 2652 362 2692 (de
386 2653 623 2698 imperatore)
648 2653 727 2694 327,
752 2652 806 2687 20.

98 2693 177 2735 328,
204 2695 256 2731 10.
283 2697 361 2737 331,
390 2699 419 2733 1.
447 2698 489 2732 15

53 2738 275 2776 mediocritas
302 2743 362 2784 (de
387 2744 578 2787 Lucifero)
602 2743 680 2784 322,
708 2743 728 2776 5

54 2782 281 2838 meditabaris
306 2788 455 2823 interfici
481 2790 674 2834 oportuisse
700 2788 807 2823 Atha-

99 2839 233 2866 nasmm
262 2833 336 2874 153,
362 2835 383 2868 9

54 2873 175 2910 melior
200 2879 254 2920 (=
280 2880 416 2923 maior)
440 2880 496 2920 61,
523 2880 568 2914 20

1548 234 1630 278 367

875 364 1086 398 memoratus
1111 373 1148 396 es
1183 363 1242 403 (=
1266 361 1482 405 meministi)
1506 359 1583 400 193,
1609 360 1631 394 9

873 409 1051 444 meritum:
1085 419 1145 453 pro
1176 407 1299 441 merito
1332 406 1379 441 im
1404 406 1524 441 ietatis
1548 407 1631 440 tuae

919 454 1085 489 facundia
1107 463 1178 488 non
1202 453 1352 487 ualuerit
1399 452 1454 489 94.
1482 451 1525 486 18
1683 488 1688 493 ‚

875 500 1015 535 minari:
1064 499 1167 534 aliter
1201 498 1307 533 fidem
1342 497 1535 542 praedicari
1571 507 1633 541 per

919 546 1113 580 minantem
1123 544 1319 590 potentiam
1332 543 1486 578 sanxeris
1502 543 1579 583 123,
1588 542 1630 576 21

876 591 1104 671 “fififfi‘ff
1127 588 1631 672 §.zssasssffl'fz‘gfissssxssffffi

920 693 985 717 nos
1018 693 1099 717 uero
1129 682 1272 716 minime
1298 681 1374 722 162,
1401 681 1420 715 7
1446 681 1493 724 cf.
1520 680 1575 720 55,
1603 680 1633 714 1.

919 729 975 770 61,
1010 729 1062 764 10.
1097 728 1173 769 192,
1206 728 1258 763 10.
1292 727 1371 767 217,
1403 727 1434 762 3.
1466 727 1543 767 257,
1579 726 1634 760 14.

922 774 1003 815 266,
1035 774 1065 809 8.
1092 774 1170 813 286,
1196 774 1227 809 8.
1259 773 1338 810 307,
1363 772 1418 808 30.
1466 774 1494 807 si
1519 773 1633 807 minus

919 820 1019 864 potui
1042 820 1161 855 uidere
1185 820 1264 860 326,
1290 819 1334 853 25

875 866 1041 900 miraculo
1065 866 1151 900 mihi
1177 867 1232 900 est
1262 868 1321 905 (=
1344 865 1475 906 miror)
1506 865 1586 904 328,
1613 865 1633 897 5

875 912 993 946 mirari
1017 912 1046 946 si
1070 911 1126 952 89,
1145 911 1200 946 25.
1225 912 1281 952 90,
1301 912 1353 946 14.
1381 911 1456 951 165,
1477 911 1528 946 14.
1555 911 1632 949 174,

924 958 975 992 14.
1002 957 1085 1002 quid
1110 958 1233 992 mirum
1258 958 1286 992 si
1314 957 1390 994 117.
1416 957 1461 991 25

876 1003 1019 1037 miscere
1044 1014 1081 1038 se
1098 1003 1158 1038 uel
1174 1003 1310 1038 misceri
1328 1003 1523 1047 sacrilegio,
1549 1003 1634 1037 acti-

922 1049 987 1083 bus
1012 1049 1091 1084 sim.
1118 1050 1152 1091 4,
1179 1050 1231 1085 12.
1260 1050 1314 1090 11,
1342 1048 1395 1084 15.
1429 1048 1506 1089 128,
1532 1049 1562 1083 3.
1592 1048 1634 1082 19

878 1105 1129 1175 ιηὶἰῖξέῐῗίαξιοῌ
1153 1140 1221 1174 tibi
1246 1141 1320 1185 ipse
1353 1140 1408 1181 58,
1435 1140 1456 1175 8
1489 1140 1554 1183 (tui
1578 1140 1633 1179 63,

923 1186 994 1231 29).
1019 1187 1255 1221 misereamini
1281 1187 1330 1221 eis
1355 1188 1388 1226 4,
1414 1186 1460 1220 26

878 1233 1018 1266 mittere
1042 1232 1202 1266 funestas
1219 1243 1342 1266 manus
1359 1233 1396 1266 in
1413 1232 1470 1266 dei
1487 1232 1634 1266 cultores

925 1278 1003 1318 107,
1029 1278 1062 1319 3,
1101 1279 1231 1312 crimen
1260 1278 1456 1313 Athanasio
1492 1278 1546 1318 79,
1582 1278 1635 1312 17.

926 1323 1003 1364 162,
1030 1324 1060 1359 5.
1086 1324 1165 1365 278,
1193 1324 1236 1358 12

878 1380 960 1403 mna
983 1369 1061 1414 249,
1087 1369 1132 1404 22

877 1415 995 1450 modi:
1041 1416 1306 1451 coniunctium
1346 1416 1385 1450 in
1426 1416 1635 1450 enuntiatis

919 1462 1042 1506 princ.
1051 1475 1062 1496 :
1074 1461 1166 1495 unde
1181 1464 1216 1495 et
1227 1462 1389 1496 effectum
1399 1462 1446 1495 sit
1453 1463 1492 1495 ut
1505 1462 1582 1501 199,
1594 1462 1634 1495 14

923 1507 971 1550 ef.
996 1507 1052 1547 32,
1080 1508 1111 1540 7.
1136 1507 1185 1541 sic
1211 1518 1280 1542 non
1296 1507 1432 1552 possint
1447 1508 1542 1542 uinci
1559 1507 1635 1551 301,

925 1553 977 1588 19.
1004 1554 1123 1606 utiquc
1156 1556 1191 1587 et
1215 1563 1277 1587 uos
1302 1553 1345 1587 de
1370 1553 1439 1587 illis
1461 1564 1537 1588 esse
1560 1563 1636 1598 pro-

924 1599 1129 1633 nuntiantis
1162 1599 1241 1639 262,
1267 1599 1321 1634 26.
1349 1619 1393 1624 —
1426 1600 1462 1633 et
1485 1609 1549 1633 nos
1573 1609 1636 1633 nec

926 1644 1065 1688 quidem
1104 1645 1211 1679 uerbo
1253 1645 1321 1679 tibi
1360 1644 1636 1679 restitissemus?

925 1690 1002 1731 232,
1029 1691 1082 1726 29.
1116 1691 1384 1725 cessissemusne
1409 1690 1478 1725 tibi
1501 1692 1636 1724 mortuo

923 1736 995 1770 uiui
1019 1736 1099 1778 241,
1129 1736 1179 1772 19.
1205 1737 1261 1782 20,
1288 1737 1339 1772 13.
1368 1736 1445 1777 111,
1471 1736 1492 1770 9
1517 1736 1564 1780 cf.
1584 1747 1636 1770 ex—

924 1782 1068 1816 tincturi
1103 1793 1237 1817 eramus
1269 1782 1364 1817 faces
1388 1783 1527 1817 nostras
1552 1782 1637 1827 (wir

923 1828 1053 1863 hatten
1099 1839 1215 1863 unser
1262 1829 1374 1864 Licht
1421 1828 1637 1864 auswschen

924 1874 1066 1919 sonem),
1105 1875 1267 1920 quoniam
1298 1885 1451 1909 essemus
1482 1875 1523 1908 ut
1553 1874 1636 1908 estis

923 1929 987 1953 uos
1017 1920 1185 1955 tenebrae
1218 1920 1295 1961 162,
1320 1920 1375 1956 20.
1408 1920 1488 1962 279,
1513 1919 1567 1955 20.
1599 1939 1636 1945 -

924 1966 953 1999 si
984 1976 1066 2000 uero
1098 1977 1171 2000 rem
1203 1966 1359 2001 dicamus
1390 1976 1530 2007 ueram,
1567 1976 1637 2000 non

923 2021 1040 2045 sumus
1076 2012 1318 2047 contumeliosi
1353 2012 1433 2053 216,
1466 2012 1519 2047 31.
1569 2022 1637 2046 non

924 2057 1089 2092 miramur
1120 2059 1151 2092 si
1183 2058 1400 2103 persequaris
1431 2058 1487 2102 89,
1512 2057 1557 2091 25
1589 2058 1636 2100 cf.

925 2103 1001 2142 101,
1027 2104 1071 2138 29
1102 2108 1136 2139 et
1162 2115 1190 2139 s.
1222 2104 1261 2139 si.
1312 2103 1393 2148 quid
1425 2103 1527 2138 nobis
1561 2114 1637 2137 con-

922 2148 1065 2190 tulerat,
1091 2150 1122 2183 si
1138 2149 1206 2184 tibi
1223 2151 1417 2194 temperare
1435 2149 1638 2183 auderemus

925 2194 1001 2235 159,
1027 2194 1048 2228 3
1074 2196 1121 2239 ef.
1147 2195 1204 2236 83,
1232 2196 1284 2230 17.
1312 2195 1388 2239 195,
1416 2196 1468 2230 14.
1502 2205 1562 2229 cur
1585 2205 1639 2228 co-

922 2240 1091 2285 gebamur
1114 2241 1182 2275 nisi
1208 2241 1289 2286 quia
1313 2251 1455 2286 cuperes
1481 2240 1558 2280 161,
1585 2240 1637 2274 24.

922 2286 951 2319 si
984 2285 1113 2321 bonum
1145 2289 1200 2321 est
1225 2298 1321 2332 opus,
1357 2287 1481 2321 merito
1507 2285 1639 2320 diceres

923 2331 1002 2373 279,
1036 2332 1065 2367 7.
1116 2332 1146 2366 si
1177 2333 1238 2367 illa
1270 2333 1321 2367 illi
1347 2332 1520 2373 dicuntur,
1559 2330 1639 2375 quid

922 2377 1024 2412 nobis
1061 2377 1129 2412 dici
1161 2381 1299 2422 posset.
1338 2379 1367 2411 si
1401 2377 1639 2411 haberemus?

926 2423 979 2463 10,
1000 2423 1051 2458 16.
1079 2434 1155 2457 cum
1173 2424 1203 2458 si
1219 2424 1313 2458 illius
1330 2424 1455 2457 fuisses
1472 2423 1639 2466 temporis

924 2468 1038 2508 homo,
1077 2468 1195 2513 gladio
1228 2469 1340 2513 possis
1373 2469 1530 2513 extingui
1561 2468 1642 2511 224,

923 2514 969 2548 24
994 2515 1041 2557 cf.
1070 2515 1146 2553 195,
1172 2514 1202 2549 2.
1230 2515 1308 2558 268,
1328 2515 1357 2549 7.
1384 2525 1453 2549 non
1471 2514 1564 2549 enim
1582 2525 1638 2548 ne-

925 2571 1008 2603 gare
1039 2571 1171 2604 possea,
1209 2571 1285 2594 cum
1322 2561 1457 2594 miseris
1496 2560 1573 2600 107,
1606 2561 1635 2594 2.

925 2616 1037 2650 neque
1062 2606 1154 2639 enim
1181 2605 1285 2639 aliter
1307 2606 1374 2639 tibi
1401 2608 1495 2640 esset
1520 2617 1636 2640 aman-

924 2651 1090 2693 tissimus.
1116 2651 1183 2685 nisi
1210 2652 1289 2696 quia
1314 2652 1361 2685 sit
1377 2652 1565 2686 sceleratus
1583 2652 1640 2686 81.

925 2697 947 2731 8
975 2717 1015 2722 -
1041 2697 1279 2731 indieatiuus
1292 2708 1364 2742 pro
1382 2698 1641 2732 coniunctium⁸

926 2743 1038 2786 qualis
1064 2753 1100 2776 es
1126 2741 1269 2777 aduerte
1298 2743 1372 2783 107,
1399 2743 1452 2778 22.
1478 2743 1640 2777 uidentes

949 2787 1017 2822 uod
1041 2798 1111 2822 non
1128 2788 1259 2831 pariter
1275 2799 1350 2823 cum
1369 2789 1418 2823 eis
1436 2789 1545 2823 oratis
1563 2788 1639 2827 333,

924 2800 1637 2925 {suassaius{eaet532053.13353:
