1934 3278
810 653 845 707 I.

72 789 168 853 DE
201 789 351 853 NON
386 787 903 852 CONVENIENDO
938 787 1092 852 CVM
1128 788 1584 853 HAERETIOIS.

132 963 163 1003 1.
199 962 305 1005 Cum
337 961 527 1004 omnibus
558 960 802 1015 perniciosis
833 958 917 1003 tuis
950 961 1168 1004 conatibus
1201 961 1457 1004 aduertisses
1479 962 1586 1004 itum

75 1031 243 1073 obuiam
276 1044 455 1085 cumque
478 1030 618 1072 omnia
642 1030 982 1072 machinamenta
1003 1030 1150 1072 contra
1173 1030 1241 1072 dei
1265 1030 1490 1073 ecclesiam
1511 1031 1586 1073 tua

39 1113 56 1139 5
74 1099 331 1153 repperisses
362 1100 512 1142 cuncto
546 1099 612 1141 dei
637 1100 790 1154 populo
811 1099 1014 1150 reuelata‚
1050 1098 1191 1141 dixisti
1213 1112 1286 1141 nos
1308 1099 1437 1142 fuisse
1462 1100 1585 1154 atque

77 1181 167 1210 esse
194 1168 384 1211 inimicos
405 1169 535 1223 pacis,
568 1170 710 1211 hostes
732 1168 918 1220 unitatis,
943 1168 1206 1210 aduersarios
1230 1169 1357 1210 etiam
1379 1169 1586 1211 fraternae

75 1238 278 1280 caritatis.
342 1238 376 1281 si
402 1238 511 1281 inter
545 1239 611 1281 dei
645 1239 828 1281 cultores
853 1240 894 1281 et
917 1239 1007 1281 eius
1029 1237 1244 1292 religionis
1266 1237 1458 1279 inimicos
1484 1237 1587 1279 nihil

36 1355 38 1358 ¹
77 1319 168 1349 esse
202 1306 328 1349 debet
358 1306 479 1359 inter,
513 1320 587 1349 cur
608 1308 776 1363 Moyses
805 1309 994 1361 tempore
1018 1320 1098 1361 quo
1120 1306 1229 1348 uidit
1249 1306 1447 1360 populum
1468 1306 1587 1348 illum

76 1375 289 1416 carnalem
329 1375 562 1427 Iudaicum,
612 1377 732 1419 cuius
770 1377 816 1419 tu
856 1376 1105 1430 sapientiam
1143 1376 1276 1425 tenes,
1324 1373 1587 1417 idololatriae

26 1456 58 1481 ιο
75 1443 301 1486 incurrisse
347 1446 532 1496 reatum,
580 1446 857 1500 posteaquam
896 1445 1038 1500 gladio
1086 1445 1222 1487 certos
1267 1443 1430 1497 percuti
1476 1443 1587 1494 fecit,

78 1511 205 1553 etiam
238 1512 462 1555 stationem
495 1527 615 1555 suam
648 1514 912 1569 segregatam
946 1526 1039 1556 esse
1071 1513 1234 1555 uoluit?
1267 1524 1373 1566 quae
1405 1512 1465 1553 ita
1497 1524 1588 1553 esse

79 1581 222 1634 accipe
248 1581 468 1635 scriptum:
501 1585 538 1624 et
558 1583 670 1624 dixit
690 1583 888 1625 dominus
909 1582 966 1623 ad
989 1582 1190 1636 Moysen:
1221 1581 1289 1624 dic
1308 1581 1414 1635 filiis
1436 1579 1589 1630 Israel,

78 1662 153 1690 uos
176 1651 365 1702 populus
397 1651 530 1693 durae
561 1650 749 1702 ceruicis,
782 1651 917 1693 uidete
948 1663 1000 1692 ne
1022 1650 1157 1692 aliam
1171 1650 1352 1705 plaqam
1382 1648 1588 1690 inducens

78 1729 205 1770 super
227 1731 302 1760 uos
323 1719 486 1761 deleam
506 1733 594 1761 uos.
636 1733 750 1761 nunc
771 1733 866 1774 erqo
888 1719 1083 1772 deponite
1098 1719 1230 1761 stolas
1246 1718 1406 1774 qloriae
1430 1720 1590 1759 uestrae

29 1804 60 1828 15
79 1790 116 1829 et
163 1791 476 1839 ornamentum,
522 1791 560 1829 et
598 1788 814 1830 ostendam
852 1801 958 1841 quae
995 1787 1193 1840 facturus
1230 1800 1324 1829 sum
1362 1786 1492 1828 uobis.
1555 1789 1593 1829 et

81 1855 342 1899 abstulerunt
373 1857 459 1910 filii
481 1856 618 1899 Israel
639 1860 837 1899 ornatum
857 1870 982 1898 suum
1003 1859 1040 1898 et
1060 1855 1191 1898 stolas
1213 1869 1241 1898 a
1261 1857 1397 1898 monte
1420 1855 1591 1906 Choreb,

82 1927 120 1966 et
149 1938 316 1967 sumens
350 1925 668 1968 tabernaculum
701 1925 872 1979 Moyses
890 1925 990 1979 fixit
1009 1924 1120 1967 illud
1142 1927 1264 1968 extra
1284 1927 1438 1975 castra,
1472 1924 1593 1978 lonqc

82 2007 110 2035 a
140 1994 305 2045 castris,
337 1997 374 2035 et
404 1995 668 2047 appellatum
699 1996 759 2036 est
788 1993 1108 2036 tabernaculum
1137 1993 1380 2049 testimonii,
1412 1995 1450 2035 et
1468 1993 1592 2047 fiebat

83 2066 129 2103 ut
162 2063 299 2104 omnis
330 2063 579 2116 quicumque
598 2063 824 2116 quaerebat
843 2063 1064 2105 dominum
1086 2062 1173 2104 ibat
1194 2062 1251 2104 ad
1272 2061 1592 2104 tabernaculum

31 2146 65 2170 20
83 2131 314 2172 testimonii
343 2131 460 2184 foras
491 2134 612 2173 extra
645 2133 800 2174 castra.
861 2145 954 2172 eum
987 2134 1126 2172 autem
1157 2129 1445 2184 eyrediebatur
1474 2129 1594 2182 foras

84 2198 132 2240 de
155 2198 425 2241 tabernaculo
448 2199 628 2252 Moyses,
659 2198 797 2240 stabat
819 2200 958 2240 omnis
974 2198 1160 2252 populus
1180 2198 1439 2252 speculantes
1460 2211 1593 2240 unus-

85 2267 257 2321 quisque
302 2267 360 2308 ad
405 2256 559 2309 ostium
607 2267 867 2309 tabernaculi
911 2268 993 2309 sui.
1063 2267 1386 2309 considerabant
1433 2270 1597 2309 euntem

87 2336 279 2389 Moysen,
313 2350 441 2389 usque
472 2336 574 2378 dum
597 2337 791 2378 introiret
815 2335 1156 2391 tabernaculum3
1180 2350 1274 2377 mooe
1295 2339 1435 2378 autem
1458 2336 1593 2377 intro-

225 2460 266 2494 12
290 2460 350 2495 Ex.
377 2460 431 2504 33,
457 2461 566 2495 5-11

156 2578 177 2608 2
203 2584 347 2609 mmmm
373 2585 420 2608 m:
446 2584 524 2609 nor<
550 2584 818 2609 conunutmmo
851 2584 927 2610 cum
954 2584 1156 2609 unnmxcrs
1191 2575 1235 2612 V·,
1272 2574 1317 2608 ad
1350 2573 1595 2610 Constantium

86 2631 334 2675 Imperatorem
360 2632 447 2666 add.
476 2643 494 2666 v
589 2632 609 2664 4
637 2632 893 2666 macinamenta
911 2643 953 2666 m.
975 2636 992 2666 1
1088 2632 1108 2665 9
1126 2630 1362 2665 idololatriam
1460 2633 1500 2666 13
1515 2631 1598 2665 duro

89 2692 123 2723 et
151 2689 208 2722 ita
233 2699 308 2723 nou
332 2700 432 2732 raro,
459 2689 499 2723 in
525 2689 747 2733 quibusdam
772 2689 958 2723 vocabulis
992 2689 1070 2731 fere
1094 2692 1310 2723 constanter
1336 2699 1377 2722 ae
1404 2699 1476 2733 pro
1503 2700 1521 2722 c
1549 2688 1600 2722 cel

90 2757 108 2780 e
133 2758 201 2790 pro
228 2757 268 2781 ae
379 2747 421 2781 16
446 2757 547 2791 corep
656 2748 695 2781 17
722 2749 831 2781 ctstra
856 2758 898 2781 m.
926 2750 944 2781 1
1054 2747 1095 2780 19
1121 2745 1391 2780 adbemaculum
1416 2757 1458 2780 m.
1488 2749 1505 2780 1

89 2803 134 2837 20
160 2803 428 2848 egrediacbatur
556 2805 600 2839 23
626 2807 877 2850 1n0ysellsnusq;
904 2806 931 2848 (s
957 2815 1051 2839 eras.
1078 2804 1258 2847 uidetur)
1366 2803 1495 2847 autem]
1523 2812 1599 2836 cum

91 2860 179 2895 add.
209 2872 227 2895 v

1427 2928 1465 2962 l*
