1934 3278
530 251 584 286 De
610 262 680 285 non
706 250 945 285 conueniendo
971 260 1048 284 cum
1072 250 1271 285 haereticis.
1594 249 1647 291 29

145 379 298 421 inueni
328 377 378 419 de
404 377 511 431 filiis
541 376 627 418 tuis
657 374 919 417 ambulantes
949 376 997 416 in
1027 376 1206 417 ueritate
1236 376 1363 416 sicuti
1395 376 1650 418 mandatum

146 448 382 500 accepimus
398 459 426 487 a
437 448 575 499 patre.
608 458 678 486 oro
700 447 747 497 te,
770 444 957 498 domina,
983 457 1066 486 non
1087 444 1195 485 sicut
1216 444 1470 485 mandatum
1491 458 1647 486 nouam

144 516 328 559 scribens
358 515 448 566 tibi,
481 515 550 556 sed
581 513 690 566 quod
721 512 947 554 habuimus
979 512 1030 553 ab
1061 513 1200 565 initio,
1234 515 1281 553 ut
1310 512 1543 566 diliyamus
1573 527 1649 554 nos

143 585 419 635 alterutram;
443 586 481 625 et
511 583 611 624 haec
637 584 697 623 est
726 582 887 623 caritas
919 584 968 623 ut
991 582 1250 623 ambulemus
1280 581 1510 623 secandam
1531 595 1647 622 man-

108 655 248 696 sdata
277 654 380 694 eius.
441 652 517 694 hoc
548 654 608 693 est
635 651 891 693 mandatam
920 651 1030 692 sicat
1060 651 1245 693 audistis
1277 651 1328 692 ab
1358 651 1490 692 initio
1522 653 1569 691 ut
1603 651 1647 691 in

142 735 185 764 eo
215 722 448 772 ambuletis,
481 721 681 774 quoniam
711 719 835 762 malti
864 719 1039 772 fallaces
1063 719 1276 774 proqressi
1296 722 1395 761 sunt
1416 719 1464 760 in
1484 718 1646 760 saeculo

143 791 217 843 qui
248 804 334 832 non
365 790 614 843 confitentur
644 788 786 831 Iesum
819 788 1038 831 Christum
1067 789 1232 831 uenisse
1262 789 1310 830 in
1341 802 1535 839 carnem,·
1575 789 1646 829 isti

142 863 242 901 sunt
261 859 437 912 fallaces
452 862 491 901 et
511 858 768 900 antichristi.
800 858 938 899 uidete
958 871 1033 911 eos,
1056 871 1108 899 ne
1126 858 1325 911 perdatis
1345 857 1456 910 qaod
1481 858 1645 910 operati

143 929 254 981 estis,
292 928 363 969 sed
401 930 449 969 ut
476 927 701 969 mercedem
718 926 895 980 plenam
926 927 1156 980 recipiatis.
1220 926 1358 968 omnis
1387 926 1462 979 qai
1492 926 1645 967 recedit

91 1007 124 1032 10
142 999 181 1039 et
208 1011 296 1038 non
327 1000 466 1038 manet
495 997 545 1038 in
573 997 770 1038 doctrina
797 995 957 1038 Christi
987 996 1108 1037 deam
1132 1009 1216 1037 non
1238 995 1355 1037 habet
1364 1010 1380 1047 ,·
1410 995 1484 1048 qui
1506 997 1646 1035 autem

141 1069 284 1106 manet
312 1066 360 1107 in
389 1066 585 1107 doctrina
614 1066 706 1106 eius
734 1064 807 1106 ille
836 1068 874 1106 et
897 1067 1066 1117 patrem
1097 1067 1134 1106 et
1152 1064 1293 1118 silium
1315 1063 1444 1105 habet.
1490 1063 1646 1116 siquis

141 1136 305 1177 uenerit
337 1135 393 1176 ad
422 1148 497 1176 aos
527 1137 565 1176 et
594 1134 704 1176 hanc
734 1134 976 1176 doctrinam
1005 1146 1091 1175 non
1122 1133 1274 1186 adfert,
1308 1132 1437 1174 nolite
1458 1131 1646 1184 accipere

141 1216 234 1244 eum
264 1204 312 1244 in
342 1204 510 1246 domam
534 1207 574 1245 et
603 1217 682 1245 ane
705 1203 832 1245 nolite
862 1204 996 1245 dicere
1026 1203 1086 1253 ci,·
1110 1203 1184 1255 qni
1215 1203 1330 1244 enim
1360 1201 1464 1243 dicit
1495 1201 1532 1242 ei
1567 1215 1647 1242 aue

141 1273 422 1314 communicat
453 1272 644 1325 operibus
674 1273 765 1313 eius
795 1272 1012 1326 maliqnis.
1075 1271 1281 1325 quomodo
1313 1270 1404 1312 fieri
1435 1270 1643 1324 potuerat,

89 1349 122 1374 ¹⁵
141 1341 187 1381 ut
207 1353 280 1382 nos
301 1341 443 1383 tecum
466 1341 591 1395 atque
613 1353 709 1382 cum
730 1341 815 1382 tuis
840 1354 1029 1383 essemus
1052 1341 1119 1382 dei
1141 1340 1298 1382 milites
1324 1352 1420 1381 cum
1441 1339 1644 1381 militibus

140 1409 386 1458 antichristi,
419 1409 757 1463 quandoquidem
788 1422 862 1451 nec
897 1409 1070 1451 salutari
1102 1422 1176 1451 uos
1207 1409 1444 1462 permiserit
1475 1407 1644 1461 spiritus

138 1479 320 1527 sanctus,
354 1478 457 1520 dans
488 1479 591 1520 haec
624 1480 848 1532 praecepta
878 1492 951 1532 per
981 1479 1153 1520 beatum
1186 1478 1453 1531 apostolum?

194 1547 332 1588 XIIII.
367 1546 451 1588 Sed
480 1547 670 1588 fortassis
693 1547 832 1588 dicere
856 1547 1050 1589 audebis:
1084 1547 1289 1600 namquid
1313 1560 1382 1601 690
1404 1547 1452 1587 in
1473 1559 1642 1587 carnem

137 1617 300 1657 uenisse
339 1630 439 1669 neyo
477 1617 544 1658 dei
582 1617 734 1670 filium,
775 1621 821 1657 ut
862 1630 974 1657 ianas
1014 1630 1237 1669 nuncuper
1267 1630 1315 1657 ex
1345 1614 1642 1657 antichristis?

86 1695 216 1723 eonon
250 1682 417 1735 quidem
448 1683 508 1731 tu,
542 1681 761 1724 Constanti
782 1683 1020 1736 imperator,
1053 1683 1219 1724 uenisse
1250 1682 1291 1723 in
1313 1695 1481 1724 carnem
1513 1695 1642 1736 negas

140 1750 206 1791 dei
245 1750 399 1800 filium,
448 1750 522 1792 sed
563 1751 669 1793 dicis
707 1751 826 1792 illum
873 1765 996 1805 quem
1037 1765 1111 1794 nos
1151 1751 1399 1793 confitemur
1436 1753 1476 1793 in
1517 1765 1640 1793 carne

137 1819 302 1860 uenisse
350 1831 441 1861 esse
481 1821 741 1869 creaturam,
789 1820 894 1861 dicis
934 1822 1091 1862 factum
1132 1820 1250 1862 illum
1292 1833 1340 1862 ex
1380 1821 1520 1870 nihilo,
1562 1832 1640 1862 non

136 1887 254 1928 illum
288 1899 377 1929 esse
410 1901 555 1929 uerum
589 1888 655 1929 dei
687 1887 818 1929 filium
853 1888 1092 1930 adfirmans.
1147 1902 1220 1931 nos
1251 1890 1396 1930 contra
1418 1889 1487 1943 qui
1518 1889 1640 1930 istius

136 1956 247 1997 beati
282 1957 457 2009 apostoli
478 1957 670 1999 tenemus
700 1957 969 1999 traditionem
1001 1957 1210 1999 credimus
1233 1971 1379 1999 uerum
1404 1958 1469 1999 dei
1491 1957 1638 2002 filium,

85 2038 118 2063 25
137 2025 346 2066 credimus
378 2038 503 2066 unam
537 2025 690 2067 habere
724 2025 925 2066 deitatem
958 2027 1119 2079 patrem
1153 2028 1195 2067 et
1226 2027 1334 2067 hunc
1357 2026 1525 2067 unicum
1550 2026 1639 2067 eius

136 2092 280 2134 filium.
323 2093 434 2146 quod
464 2094 524 2135 ita
556 2107 646 2136 esse
680 2094 871 2136 dominus
903 2095 943 2135 in
978 2095 1108 2136 sacris
1141 2095 1227 2136 suis
1251 2094 1480 2148 euangeliis
1502 2095 1638 2135 mani-

135 2160 263 2203 festat
294 2161 457 2203 dicens:
489 2163 564 2215 qai
595 2176 659 2203 me
690 2163 799 2204 uidit
829 2163 938 2204 uidit
971 2166 1007 2204 et
1033 2167 1213 2215 patrem,
1248 2163 1308 2204 et:
1340 2176 1409 2217 690
1439 2164 1487 2204 in
1516 2167 1639 2215 patre

135 2233 173 2271 et
201 2233 323 2282 puter
351 2231 399 2271 in
429 2245 504 2281 me,
538 2231 600 2271 et:
632 2245 701 2285 690
722 2234 759 2272 et
776 2235 900 2284 pater
930 2245 1065 2272 anum
1093 2244 1250 2274 sumus.
1299 2244 1424 2284 saepe
1459 2231 1637 2271 diximus

136 2298 246 2351 quia,
279 2310 375 2339 cum
398 2297 480 2339 sint
512 2298 618 2340 duae
640 2311 841 2352 personae
874 2300 991 2352 pater
1024 2301 1066 2341 et
1095 2299 1219 2348 filius,
1255 2300 1297 2340 et
1326 2301 1466 2341 tamen
1501 2300 1634 2340 dicat:

81 2382 117 2407 so
135 2381 205 2421 690
237 2371 273 2408 et
296 2370 426 2420 pater
456 2382 591 2409 unam
622 2381 781 2417 sumus,
815 2369 878 2409 et:
910 2370 985 2421 qai
1015 2382 1077 2409 me
1107 2369 1220 2409 uidit
1250 2368 1361 2409 uidit
1390 2371 1426 2408 et
1455 2371 1632 2419 patrem.

137 2436 199 2477 et:
231 2449 300 2489 690
330 2436 378 2476 in
400 2440 531 2489 patre
552 2440 588 2477 et
612 2439 741 2489 pater
770 2438 818 2477 in
839 2451 915 2484 me,
949 2437 1050 2478 nihil
1074 2436 1188 2478 aliud
1210 2448 1283 2477 nos
1307 2436 1426 2476 illum
1448 2436 1634 2477 uoluisse

135 2504 324 2557 adsequi,
372 2504 450 2546 nisi
492 2505 589 2557 quia
629 2517 711 2545 una
752 2504 807 2545 sit
839 2505 1064 2546 aeternitas
1096 2505 1225 2558 patris
1259 2506 1300 2544 et
1331 2504 1419 2554 filii,
1467 2517 1548 2545 una
1582 2505 1637 2546 sit

135 2572 319 2622 claritas,
352 2585 434 2613 una
464 2573 650 2626 potentia
683 2585 817 2614 unaue
840 2573 1096 2626 magnitudo.
1148 2573 1305 2614 idcirco
1332 2573 1483 2614 etenim
1509 2574 1634 2614 otiam

271 2697 314 2730 27
341 2696 389 2731 Io.
409 2697 462 2738 14,
489 2698 521 2731 9.
548 2698 590 2731 10
684 2698 726 2731 27
754 2697 800 2731 ib.
824 2698 874 2733 10,
901 2697 944 2730 30
1039 2698 1083 2730 30
1109 2697 1155 2731 ib.
1176 2698 1227 2738 14,
1255 2698 1276 2731 9
1369 2697 1409 2731 31
1438 2697 1484 2731 ib.
1513 2699 1564 2733 14.
1594 2699 1635 2731 10

202 2810 223 2844 3
248 2809 397 2844 scriben'
490 2811 511 2845 6
538 2813 630 2845 seclo
728 2811 768 2844 18
794 2822 894 2844 carne
920 2823 940 2845 v
1040 2811 1084 2844 20
1110 2822 1212 2845 carne
1239 2823 1256 2845 c
1356 2811 1399 2844 32
1424 2811 1637 2854 assequimur

133 2868 224 2902 coni.
256 2867 484 2901 Gallandius
578 2867 622 2900 33
647 2878 782 2912 unaque
810 2868 990 2902 Latinius
