1934 3278
959 570 1032 623 ΙΠ

556 684 651 747 DE
691 681 967 747 SANGTO
1009 681 1448 746 ATHANASIO.

876 809 1068 863 LIBER
1104 809 1138 862 I.

315 986 342 1025 Ι.
378 982 503 1035 Cogis
536 994 622 1030 nos,
656 980 886 1029 Constanti,
930 979 1144 1020 absentem
1178 979 1374 1020 damnare
1414 979 1756 1021 consacerdotem

255 1054 442 1095 nostrum
480 1051 723 1104 religiosum
764 1049 1064 1096 Athana-sinum
1114 1048 1188 1089 sed
1230 1048 1371 1089 diuina
1407 1048 1451 1089 id
1490 1048 1627 1089 facere
1659 1060 1757 1100 pro·
1796 1061 1811 1086 5

254 1122 445 1163 hibemni·
476 1120 583 1173 lege.
616 1119 782 1172 inpellis
816 1118 1065 1159 auctoritate
1096 1117 1224 1158 latius
1255 1118 1388 1171 regali
1429 1117 1584 1159 domini
1615 1129 1758 1158 sacer-

258 1190 375 1231 dotes
410 1189 462 1229 ad
495 1187 788 1229 effundendum
822 1200 1025 1236 cruorem,
1058 1186 1253 1239 ignorans
1275 1187 1368 1227 iura
1395 1186 1583 1227 iustitiae
1604 1185 1762 1227 tradita-

255 1258 373 1300 nobis
406 1257 606 1298 diuinitus
637 1256 679 1297 te
711 1256 906 1297 conatum
949 1268 996 1296 ex
1034 1255 1186 1296 nostris
1226 1255 1387 1296 auferre
1425 1254 1647 1295 mentibus.
1712 1266 1761 1294 an

260 1326 460 1367 diuinitus
491 1325 646 1378 poteris
680 1324 874 1365 adserere
906 1324 1157 1376 permissum
1191 1324 1406 1365 absentem
1438 1323 1675 1364 inauditnm
1708 1323 1761 1373 et7

258 1394 368 1447 quod
401 1394 464 1434 est
494 1393 735 1442 maximum,
774 1392 1039 1433 innocentem
1080 1392 1298 1433 damnari?
1360 1391 1566 1444 quomodo
1610 1391 1762 1432 etenim
1785 1404 1816 1428 10

261 1463 472 1505 arbitraris
506 1461 705 1503 diuinitus
737 1461 985 1514 permissum
1007 1461 1142 1514 puniri
1163 1461 1388 1510 inauditos,
1422 1460 1587 1513 qnando
1615 1459 1763 1500 uideas

259 1532 396 1572 Adam
429 1531 470 1571 et
502 1531 637 1571 Euam
669 1529 877 1582 principes
909 1530 1039 1570 nostri
1060 1530 1225 1583 generis
1250 1529 1414 1570 auditos
1446 1528 1653 1570 sententia
1672 1540 1763 1582 per-

259 1612 405 1641 cussos
439 1599 535 1640 dei?
596 1601 632 1640 et
662 1598 834 1639 uocauit
863 1598 964 1639 deas
996 1598 1153 1651 Adam,
1193 1601 1230 1639 et
1260 1599 1372 1639 dixit
1411 1598 1470 1639 ci:
1507 1599 1663 1648 Adam,
1695 1597 1765 1638 ubi

259 1670 331 1709 es?
378 1671 415 1709 et
445 1668 577 1709 dixit:
623 1680 763 1708 uocem
800 1670 919 1708 tuam
959 1667 1125 1718 audiui,
1167 1667 1358 1719 domine,
1397 1667 1445 1707 m
1475 1666 1689 1718 paradiso
1730 1669 1767 1707 et

262 1736 397 1784 timui,
430 1735 632 1787 quoniam
665 1733 806 1775 nudas
836 1747 943 1783 sam,
975 1737 1014 1775 et
1035 1734 1232 1776 abscondi·
1253 1749 1328 1776 me.
1360 1737 1396 1776 ct
1425 1735 1535 1776 dixit
1557 1734 1624 1775 illi
1645 1735 1768 1776 deus:
1789 1752 1819 1775 15

260 1804 354 1855 quis
387 1804 460 1844 tibi
491 1803 703 1844 indicauit
733 1803 836 1855 quia
866 1803 1007 1844 nudus
1038 1816 1090 1858 63,
1122 1804 1210 1845 iiisi
1239 1805 1289 1846 de
1321 1803 1447 1858 liquo,
1469 1804 1518 1845 de
1540 1817 1619 1856 quo
1633 1817 1766 1856 prae-

261 1884 454 1924 ceperam
486 1871 574 1923 tibi,
605 1871 656 1912 de
687 1870 759 1912 hoc
790 1871 876 1912 solo
908 1884 960 1911 oie
990 1871 1283 1923 manducares,
1315 1885 1364 1913 ex
1389 1886 1432 1913 eo
1462 1872 1767 1913 manducasti?

261 1942 299 1979 et
318 1939 427 1980 dixit
450 1941 619 1981 Adam:
645 1939 810 1992 mulier,
837 1953 966 1992 quam
990 1940 1155 1989 dedisti,
1186 1941 1281 1992 ipsa
1302 1940 1411 1982 mihi·
1430 1941 1543 1982 dedit
1563 1941 1612 1982 de
1638 1941 1766 1996 liquo,

263 2011 300 2048 et
337 2008 613 2049 manducaui.
674 2011 712 2049 et
741 2009 852 2049 dimit
882 2010 982 2051 deus
1021 2009 1213 2051 mulieri.-
1253 2010 1356 2062 quid
1394 2009 1466 2050 hoc
1504 2009 1673 2061 fecisti?
1732 2012 1770 2050 et

266 2076 376 2117 dixit
395 2077 568 2118 mulier:
590 2089 760 2129 serpeus
768 2078 987 2129 persuasit
1007 2077 1126 2128 mihi,
1150 2080 1187 2118 et
1204 2078 1480 2118 manducaui.
1515 2090 1609 2118 cnm
1639 2077 1768 2130 igitur
1789 2093 1822 2117 20

265 2144 502 2185 huiusmodi
536 2144 711 2186 sormam
742 2145 957 2186 iudicandi
991 2145 1156 2186 dedisse
1190 2145 1314 2186 deum
1349 2146 1593 2188 aduertcris.
1627 2158 1722 2186 cum
1748 2159 1770 2186 a

265 2212 437 2253 latebris
485 2214 671 2254 euocatis
719 2214 1003 2266 confessisque
1054 2214 1177 2254 deum
1218 2215 1468 2255 sententiam
1509 2214 1675 2255 dedisse
1718 2214 1768 2254 de

266 2281 397 2323 sacris
430 2282 731 2334 scripturarum
771 2283 993 2335 collegeris
1024 2282 1218 2333 fontibus⁷
1261 2283 1379 2324 cuius
1419 2283 1533 2323 fuisti
1568 2283 1691 2335 atque
1725 2294 1769 2322 es

265 2350 533 2402 inpudentiae
566 2350 780 2391 indicandi
814 2351 879 2391 dei
913 2351 1045 2392 seruis
1079 2364 1170 2391 cani
1205 2351 1303 2392 dare
1325 2351 1517 2400 formam⁷
1551 2363 1657 2403 quae
1689 2363 1768 2391 non

268 2418 415 2459 suisset
447 2418 497 2459 dc
519 2419 613 2472 lege
638 2419 807 2460 ueniens
832 2419 1014 2460 domini?
1046 2432 1119 2460 nec
1143 2419 1333 2470 timuisti,
1367 2433 1416 2460 ne
1439 2419 1588 2460 fnisset
1611 2419 1769 2459 dictum
1791 2433 1823 2457 25

408 2552 448 2585 13
475 2552 560 2587 Gen.
587 2553 617 2595 3,
644 2554 756 2587 9—13

337 2676 427 2702 QUIA
455 2677 654 2702 ABSENTEM
688 2679 792 2703 NEMO
819 2679 937 2702 DEBET
971 2678 1150 2703 IUDICARE
1181 2677 1250 2701 NEC
1283 2677 1469 2701 DAMNARE
1505 2669 1612 2701 mser.
1645 2669 1685 2708 V,
1719 2667 1775 2701 Ad

269 2722 513 2758 Constantium
531 2724 778 2768 Imperatorem
803 2736 863 2769 pro
889 2727 1011 2759 sancto
1029 2725 1222 2759 Athanasio
1243 2737 1261 2758 ιτ
1357 2725 1374 2757 7
1397 2728 1483 2767 post
1511 2723 1555 2757 ad
1579 2734 1655 2758 ms.
1684 2727 1775 2759 4-5

270 2780 482 2814 litterarum
578 2781 617 2813 14
638 2781 807 2826 paradyso
902 2782 942 2815 21
964 2781 1155 2816 aduertcris
1174 2782 1322 2825 scripsi,
1342 2780 1527 2814 aduertens
1558 2782 1591 2821 V,
1611 2781 1774 2815 aduertas

271 2848 289 2870 υ
384 2836 428 2869 24
454 2848 569 2870 seruos
599 2850 614 2871 ι·
