1934 3278
281 234 363 265 vm

281 347 338 388 ad
359 344 647 398 confitendum,
668 342 894 397 Cyprianus
915 353 1029 390 uero,
1053 340 1170 381 cuius
1191 339 1372 393 uestigia
1392 340 1636 393 plerumque
1658 351 1777 393 pres-

283 417 348 467 sit,
373 413 505 457 sexies
525 412 594 468 (cf.
611 411 694 453 ind.
716 411 812 452 edit.
832 410 1008 452 Vindob.
1028 410 1092 450 III
1109 422 1146 462 p.
1165 409 1266 461 439)
1285 409 1362 450 1106
1381 409 1633 450 uocabulum
1655 420 1777 449 usur-

280 484 406 538 pauit.
440 494 587 524 manus
608 493 690 522 rec.
710 481 756 521 in
777 481 1044 521 innocentum
1066 478 1284 520 scribendo
1309 478 1641 519 emendationem
1662 477 1778 518 inco-

280 552 410 602 hauit,
444 563 566 604 quam
592 548 686 590 Tilii
719 548 960 590 coniectura
989 548 1036 588 in
1058 548 1318 589 innocentem
1341 546 1531 588 confecit.
1555 572 1608 576 —
1632 546 1780 587 eadem

282 621 458 673 denique
490 632 636 660 manus
667 617 844 658 rariores
875 616 1029 658 formas
1060 615 1107 656 ut
1140 614 1233 665 109,
1264 616 1315 656 13
1347 616 1564 666 conteruit,
1601 615 1694 665 126,
1726 614 1781 655 25

281 690 482 742 disperies
517 688 742 740 multisque
785 685 890 727 locis
922 699 1010 736 cnr,
1054 683 1165 737 quod
1194 683 1361 725 Lucifer
1391 696 1464 738 pro
1496 685 1598 737 quia
1628 696 1779 737 ponere

282 758 405 807 amat,
451 756 656 810 expunxit.
710 755 834 807 atque
876 754 998 795 huius
1038 753 1291 794 temeritatis
1325 753 1514 806 exempla
1543 753 1585 794 in
1617 765 1780 806 quoque

279 827 389 876 folio,
425 825 636 878 aliquanto
666 824 808 864 tamen
839 822 961 875 plura
990 823 1031 862 in
1062 821 1197 874 priore
1228 821 1385 863 codicis
1415 822 1534 875 parte
1567 822 1778 874 apparent.

335 896 449 936 Haec
482 892 696 935 temeritas
727 903 840 941 uero,
875 903 981 944 quae
1011 890 1301 943 prudentiores
1332 890 1379 931 ut
1413 890 1566 931 Tilium
1600 891 1641 931 et
1660 889 1780 931 Lati-

279 965 391 1006 nium
436 963 477 1004 in
523 961 712 1003 fraudem
742 960 918 1010 induxit,
966 959 1123 1000 codicis
1163 958 1316 1009 indole,
1350 959 1419 1012 qui
1451 959 1583 1001 omnis
1615 958 1780 1012 generis

282 1032 488 1074 erroribus
522 1030 562 1071 et
593 1029 703 1071 ueris
737 1029 778 1070 et
809 1028 1009 1082 speciosis
1029 1027 1283 1068 Luciferiani
1313 1040 1414 1069 usus
1446 1040 1615 1081 prorsus
1636 1028 1779 1081 ignaro

279 1100 499 1153 omniaque
540 1098 594 1140 ad
623 1099 777 1140 bonum
810 1097 1127 1150 simplicemque
1160 1109 1393 1139 sermonem
1424 1097 1615 1150 pensanti
1646 1096 1778 1137 refer-

279 1171 348 1211 tus
385 1181 475 1210 esse
507 1179 586 1208 non
627 1165 762 1207 uideri
793 1177 872 1207 non
902 1165 1079 1219 poterat,
1118 1165 1298 1207 maxime
1329 1165 1582 1206 incitabatur
1616 1165 1656 1205 et
1688 1164 1778 1206 ale-

278 1239 413 1281 batur.
464 1235 642 1277 feliciter
691 1235 831 1276 autem
879 1234 1046 1285 accidit,
1079 1234 1126 1275 ut
1158 1246 1343 1275 errorum
1381 1234 1594 1287 ingentem
1632 1233 1779 1274 multi-

276 1307 465 1348 tudinem
496 1304 683 1358 grauitas
715 1316 795 1345 non
828 1303 991 1356 aequet,
1025 1303 1176 1356 quippe
1210 1315 1312 1356 quos
1344 1315 1539 1356 magnam
1570 1303 1733 1356 partem
1758 1315 1781 1343 a

280 1376 400 1426 Tilio,
443 1373 607 1415 Latinio
654 1373 746 1414 aliis
791 1372 1018 1414 lenioribus
1063 1372 1256 1413 medellis
1303 1373 1469 1413 curatos
1514 1372 1671 1413 uideris
1711 1371 1781 1412 uel

279 1445 391 1486 nullo
432 1442 597 1496 negotio
636 1442 724 1494 ipse
765 1441 906 1492 tollas,
948 1441 1071 1483 modo
1116 1441 1297 1483 auctoris
1338 1441 1579 1482 intricatum
1612 1440 1779 1482 dicendi

279 1514 347 1555 uel
378 1513 514 1566 potius
545 1510 817 1564 praedicandi
849 1522 981 1563 genus
1014 1510 1223 1560 didiceris,
1258 1510 1389 1552 oculis
1417 1510 1629 1565 archetypi
1660 1510 1778 1551 litte—

276 1595 415 1624 rarum
447 1581 601 1622 formas
632 1580 747 1621 recte
778 1579 927 1632 fingas,
962 1579 1050 1621 eius
1080 1579 1267 1633 linguam
1299 1579 1346 1620 ut
1363 1580 1423 1620 ita
1446 1579 1582 1620 dicam
1603 1580 1778 1621 barbare

278 1651 493 1692 sonantem
546 1649 712 1690 auribus
768 1649 919 1690 acriter
964 1648 1182 1702 percipias.
1250 1649 1354 1690 haec
1403 1648 1511 1689 enim
1559 1648 1780 1702 diligenter

278 1719 491 1761 obseruari
539 1718 580 1758 et
626 1718 723 1759 sciri
769 1718 909 1759 nescio
953 1730 1004 1759 an
1044 1717 1085 1758 in
1127 1717 1282 1759 nullius
1318 1717 1457 1758 textus
1490 1717 1779 1758 emendatione

276 1788 411 1841 magis
442 1787 618 1828 intersit.
672 1787 796 1840 atque
838 1799 943 1840 quae
978 1786 1030 1827 ad
1062 1786 1398 1840 cognoscendum
1432 1799 1663 1828 sermonem
1699 1786 1779 1827 ali-

279 1857 397 1898 cuius
438 1855 638 1897 momenti
672 1856 790 1896 erant
819 1868 892 1908 pro
924 1855 1076 1897 finibus
1116 1855 1266 1896 indicis
1300 1855 1465 1908 copiose
1498 1855 1555 1897 ibi
1587 1855 1780 1908 congessi

279 1925 319 1966 et
349 1924 550 1978 peculiari
592 1924 897 1976 dissertatione,
939 1936 1045 1978 quae
1086 1924 1126 1965 in
1157 1923 1458 1966 Woelffliniani
1490 1925 1649 1966 archiui
1679 1925 1779 1966 tom.

278 1995 340 2034 III
371 1993 665 2047 publicabitur,
708 1993 940 2043 illustraui3
988 1994 1157 2036 breuius
1197 1995 1276 2036 1106
1317 1994 1410 2036 1060
1444 1994 1494 2035 de
1533 1993 1782 2035 emendandi

276 2062 440 2116 legibus
483 2062 716 2115 disputabo,
759 2075 865 2115 quae
909 2063 958 2105 ab
993 2063 1206 2117 archetypi
1247 2063 1385 2105 ludole
1417 2062 1531 2104 recte
1561 2062 1782 2115 perspecta

279 2132 320 2171 et
349 2131 627 2185 frequentiore
660 2131 920 2184 quarundam
951 2131 1161 2174 uocaljum
1190 2132 1232 2173 et
1253 2144 1527 2174 consonarum
1550 2131 1780 2173 mutatione

277 2200 529 2253 repetendae
561 2200 668 2242 sunt.

337 2280 596 2333 Quicumque
627 2293 700 2333 per
724 2281 882 2334 aliquot
912 2281 1011 2323 folia
1032 2282 1190 2324 codicis
1213 2282 1441 2336 scripturas
1465 2282 1778 2332 examinauerit,

277 2350 389 2391 nullo
433 2349 512 2391 alio
554 2349 656 2391 uitio
697 2351 826 2392 uerba
867 2363 992 2404 quam
1033 2351 1292 2405 singularum
1330 2351 1583 2407 syllabarum
1612 2351 1779 2393 littera-

277 2432 422 2459 rumne
441 2418 662 2460 omissione
681 2419 848 2472 saepius
864 2419 1069 2461 maculari
1085 2420 1290 2470 inueniet;
1313 2421 1448 2462 rarius
1469 2420 1559 2462 tota
1575 2421 1782 2462 uocabula

277 2486 589 2528 interciderunt.
642 2500 692 2529 ea
727 2500 827 2530 uero
858 2488 964 2530 uitia
995 2502 1074 2530 non
1104 2489 1146 2530 in
1179 2490 1399 2531 scribendo
1429 2489 1654 2542 inrepsisse
1687 2502 1778 2532 om-

279 2555 345 2596 nia
378 2555 451 2596 sed
489 2555 573 2596 iam
605 2557 826 2612 archetypo
858 2559 1009 2599 bonam
1041 2559 1206 2611 partem
1239 2571 1380 2600 eorum
1417 2558 1649 2600 inhaesisse
1681 2559 1777 2600 inde

278 2624 366 2664 iure
399 2623 594 2674 conicias,
628 2626 738 2677 quod
768 2625 978 2677 librarius,
1013 2639 1108 2668 cum
1141 2627 1390 2680 scripturam
1418 2639 1536 2668 suam
1567 2627 1657 2680 ipse
1681 2628 1779 2669 dili—

277 2692 422 2744 genter
469 2704 592 2745 supra
638 2694 856 2737 scribendo
899 2708 1005 2749 quae
1047 2696 1246 2738 omiserat
1285 2696 1526 2749 corrigeret,
1572 2697 1781 2749 permulta

276 2759 436 2810 intacta
465 2761 646 2814 reliquit.
699 2776 780 2816 qua
813 2764 863 2805 de
896 2777 1025 2806 causa
1050 2765 1247 2807 orationis
1273 2764 1455 2806 defectui
1482 2764 1780 2807 additamentis

279 2840 518 2870 succurrere
556 2830 724 2872 minime
766 2832 956 2875 dubitaui
997 2834 1121 2887 atque
1162 2833 1370 2876 uocabula
1408 2833 1522 2875 recte
1553 2833 1779 2876 inseruisse
