1934 3278
772 270 1022 315 Epistulae.
1424 270 1425 273 ’
1568 275 1651 318 329

146 394 420 437 recitauimus
452 396 577 449 atque
612 395 913 438 insinuauimus
953 397 1157 451 episcopis
1188 398 1321 441 Italis.
1361 400 1469 441 unde
1508 401 1654 443 contra

150 463 333 506 diuinam
363 464 503 518 legem
540 465 677 508 uisum
717 465 781 507 est
819 465 958 517 etiam,
998 478 1094 508 cum
1132 466 1418 521 episcoporum
1457 481 1654 511 numerus

147 545 220 585 pro
251 533 478 575 Athanasio
499 533 632 575 maior
655 533 863 584 existeret,
889 534 929 575 in
951 535 1070 587 parte
1103 534 1242 588 aliqua
1263 537 1529 579 commodare
1551 550 1652 580 con-

148 613 326 642 sensum.
350 602 451 643 haec
476 602 644 655 scripta,
667 602 701 643 si
723 601 800 643 deo
822 602 950 644 fidem
969 603 1105 653 debet,
1131 604 1388 647 Theosebius
1409 606 1480 659 qui
1501 603 1656 649 missus

114 670 284 711 sfuerat
313 670 514 712 festinans
546 669 597 712 ad
630 670 813 713 Africam
843 671 960 713 nobis
990 672 1171 725 reliquit,
1204 686 1312 727 quae
1336 675 1478 716 tamen
1508 675 1654 729 postea

150 739 287 781 omnia
319 739 486 792 scripta,
520 752 571 780 116
610 739 662 780 3(1
696 739 1004 793 impetrandum
1034 741 1142 783 forte
1181 743 1405 784 concilium
1446 743 1653 792 deessent,

148 807 396 849 Vincentius
426 807 496 861 qui
536 820 632 850 cum
671 808 823 850 ceteris
860 808 1026 862 legatus
1065 809 1218 852 missus
1258 809 1396 853 fuerat
1435 811 1654 853 Arelatum

148 875 332 929 pertulit.

206 943 333 986 Videt
369 943 496 998 igitur
534 944 755 997 prudentia
792 945 866 986 tua
903 944 1007 986 nihil
1053 945 1235 988 animum
1281 959 1423 989 meum
1463 947 1656 989 introisse

96 1023 129 1050 ιο
148 1012 259 1067 quod
291 1012 368 1054 deo
391 1012 669 1054 seruientibus
688 1025 768 1055 non
792 1012 962 1066 dignum
981 1012 1120 1055 fuerat
1149 1014 1348 1069 cogitare.
1370 1016 1494 1058 testis
1515 1017 1655 1058 autem

147 1081 214 1123 est
227 1080 327 1122 mihi
351 1081 467 1131 deus,
489 1081 610 1123 testis
630 1081 694 1123 est
715 1081 806 1123 tota
825 1094 921 1123 cum
943 1081 1029 1123 suis
1050 1083 1248 1125 membris
1281 1084 1463 1126 ecclesia
1482 1098 1549 1127 me
1570 1085 1655 1126 fide

147 1150 190 1191 et
219 1150 389 1206 me<tu>
423 1151 464 1192 in
497 1150 621 1191 deum
663 1163 804 1192 meum
843 1151 996 1192 cuncta
1029 1151 1253 1203 mundana,
1284 1152 1346 1194 ita
1384 1154 1431 1194 ut
1468 1165 1654 1208 euange-

144 1217 229 1259 lica
261 1220 302 1260 et
333 1219 564 1272 apostolica
594 1219 700 1261 ratio
732 1219 960 1273 praecepit,
981 1219 1147 1262 calcare
1178 1220 1303 1275 atque
1335 1222 1543 1270 calcasse;
1576 1235 1654 1264 11011

144 1279 284 1331 furore
322 1288 546 1330 temerario
587 1287 661 1330 sed
699 1287 926 1330 constituto
967 1287 1090 1341 atque
1123 1289 1343 1332 obseruato
1386 1290 1474 1332 iure
1516 1290 1655 1332 diuino

96 1366 128 1391 ¹⁵
148 1359 273 1412 atque
303 1357 345 1398 in
378 1356 459 1399 alio
490 1355 719 1398 ministerio
752 1356 1041 1398 ecclesiastico
1072 1357 1220 1399 uiuens
1251 1358 1353 1400 nihil
1385 1372 1458 1412 per
1488 1359 1654 1401 iactan-

146 1426 262 1477 tiam,
295 1426 397 1468 nihil
426 1439 499 1480 per
528 1426 688 1480 gloriae
718 1425 992 1479 cupiditatem
1025 1426 1137 1479 quod
1168 1426 1221 1468 ad
1250 1427 1390 1481 legem
1421 1427 1657 1480 pertinebat

145 1495 338 1549 impleui3
378 1496 503 1549 atque
543 1495 597 1536 ad
627 1494 741 1536 istud
772 1493 968 1544 officium,
1000 1495 1121 1536 testis
1154 1495 1218 1537 est
1246 1495 1348 1537 mihi
1389 1495 1492 1538 deus
1522 1508 1654 1539 meus,

146 1565 303 1607 inuitus
344 1564 518 1615 accessi,
548 1564 590 1606 111
621 1576 703 1617 quo
732 1563 854 1617 cupio
886 1562 1055 1617 quidem
1087 1564 1174 1606 sine
1215 1564 1369 1606 offensa
1408 1564 1489 1615 dei,
1529 1577 1655 1618 quam

148 1633 219 1675 diu
268 1634 310 1675 in
347 1633 516 1675 saeculo
554 1633 683 1682 fuero,
724 1646 980 1687 permanere,
1023 1634 1065 1675 et
1095 1647 1321 1687 numquam
1360 1646 1456 1675 mea
1495 1634 1656 1675 statuta

95 1708 129 1734 2⁰
148 1701 222 1744 sed
255 1701 483 1755 apostolica
514 1702 562 1742 ut
599 1702 738 1744 essent
777 1714 939 1755 semper
977 1701 1142 1744 firmata
1173 1703 1216 1745 et
1245 1702 1457 1744 custodita
1486 1702 1654 1756 perfeci.

147 1771 320 1813 secutus
357 1782 515 1811 morem
547 1770 817 1823 ordinemque
850 1770 1054 1812 maiorum
1086 1770 1188 1812 nihil
1221 1770 1363 1812 addidi
1397 1770 1653 1824 episcopatui

146 1839 264 1881 urbis
292 1839 464 1888 Romae,
497 1838 600 1880 nihil
629 1838 759 1880 minui
788 1850 937 1892 passus
969 1850 1059 1879 sum
1093 1839 1134 1880 et
1163 1838 1280 1880 illam
1311 1838 1437 1880 fidem
1470 1851 1654 1886 seruans,

148 1920 255 1961 quae
271 1920 343 1961 per
361 1907 670 1949 successionem
684 1907 895 1948 tantorum
914 1907 1201 1960 episcoporum
1218 1907 1415 1958 cucurrit,
1440 1921 1488 1949 ex
1506 1908 1655 1961 quibus

146 1975 287 2029 plures
318 1975 519 2029 martyres
551 1975 790 2025 extiterunt,
822 1974 1041 2017 inlibatam
1073 1975 1274 2017 custodiri
1297 1988 1461 2029 semper
1493 1977 1653 2029 exopto.

96 2059 130 2085 25
203 2044 392 2097 Denique
422 2043 505 2084 iam
539 2043 698 2097 aperire
730 2055 868 2085 meam
900 2056 1070 2085 causam
1107 2043 1253 2097 pietati
1284 2044 1382 2085 tuae
1415 2043 1654 2085 sollicitudo

150 2112 439 2155 ecclesiastica
462 2113 586 2165 atque
608 2111 698 2165 ipsa
722 2111 889 2154 deuotio
911 2111 1147 2165 persuadet.
1173 2112 1410 2166 significant
1433 2111 1655 2154 orientales

147 2180 242 2234 paci
263 2193 308 2222 se
330 2180 496 2222 nostrae
520 2179 630 2221 uelle
655 2180 861 2234 coniungi.
896 2193 1003 2233 quae
1026 2180 1091 2221 est
1110 2193 1203 2233 pax,
1226 2180 1550 2222 clementissime
1572 2179 1654 2221 1111-

148 2249 326 2302 perator,
359 2261 453 2289 cum
478 2248 560 2289 sint
583 2260 631 2289 ex
654 2248 840 2301 partibus
863 2248 963 2301 ipsis
986 2249 1182 2302 quattuor
1204 2248 1388 2302 episcopi
1412 2247 1653 2295 Demofilus,

148 2316 435 2367 Macedonius,
484 2316 710 2367 Eudoxius,
742 2317 982 2372 Martyrius,
1022 2317 1090 2370 qui
1131 2317 1226 2358 ante
1266 2330 1393 2358 annos
1433 2318 1526 2359 octo
1558 2330 1654 2358 cum

216 2476 239 2510 3
263 2486 445 2510 consenn*
469 2475 556 2510 haee
656 2476 678 2509 4
702 2474 873 2510 Eusebius
901 2476 1025 2510 Coust.
1130 2486 1182 2510 m*
1191 2485 1266 2510 ssus
1371 2476 1392 2508 5
1417 2475 1564 2520 reliquid

150 2544 237 2579 quae
261 2535 381 2568 tamen
406 2545 438 2574 v,
465 2543 575 2568 cam*
605 2533 639 2569 V
739 2533 761 2567 6
785 2533 943 2568 cecilium
1051 2533 1068 2567 7
1090 2537 1177 2577 post
1202 2532 1319 2566 fuerat
1342 2532 1458 2566 uerba
1481 2531 1655 2567 festinans

148 2591 195 2627 ad
219 2590 327 2627 africa
358 2590 462 2625 nobis
492 2590 641 2635 reliquid
674 2601 761 2635 quae
792 2591 912 2624 tamen
938 2592 1061 2634 postea
1085 2590 1203 2624 omnia
1227 2589 1357 2633 scripta
1382 2599 1424 2623 116
1448 2609 1494 2614 -
1517 2589 1655 2634 legatus

147 2648 249 2692 salso
266 2648 443 2693 repetiuit
536 2647 679 2682 Arelate
697 2648 784 2682 Lac.
870 2648 891 2681 9
909 2648 945 2681 in
963 2647 1115 2681 animum
1135 2647 1258 2681 Coust.
1349 2645 1387 2679 11
1408 2647 1566 2699 estotota

150 2715 194 2750 12
224 2717 320 2750 metu
347 2716 481 2759 Coust„
512 2726 567 2749 me
598 2716 667 2759 Vv;
705 2717 741 2750 et
772 2725 827 2750 me
860 2726 940 2759 exp.
967 2715 1054 2749 Lat.
1196 2714 1238 2748 13
1271 2713 1441 2758 praecipit
1472 2714 1561 2756 fort.

151 2772 195 2807 15
219 2772 473 2807 ecclesiasticus
599 2772 642 2806 18
668 2773 747 2816 quo]
773 2782 813 2807 co
936 2771 976 2805 21
1006 2770 1089 2805 addi
1114 2771 1201 2807 Lat.
1227 2775 1262 2806 et
1289 2772 1413 2806 Ceust.
1531 2770 1575 2804 24
1602 2781 1656 2805 ex-

151 2828 234 2863 obto
350 2829 393 2862 25
419 2829 553 2873 aperire
579 2830 672 2865 coni.
699 2830 800 2870 Lat„
826 2840 880 2863 me
907 2829 1039 2873 aperire
1066 2829 1200 2871 Ceu-st„
1225 2828 1336 2872 perire
1368 2828 1399 2863 V
1506 2837 1584 2862 mea
1617 2828 1648 2862 V

151 2895 216 2920 om.
244 2886 365 2920 Coust.
461 2885 503 2919 27
530 2886 606 2930 paci
634 2897 670 2920 se
696 2887 788 2922 coni.
815 2886 1009 2929 Latinius,
1035 2885 1129 2929 pacis
1155 2887 1192 2919 et
1223 2886 1283 2929 Vc,
1307 2885 1386 2929 paci
1413 2884 1538 2919 Coust.
