1934 3278
605 253 658 286 De
683 254 805 286 sancto
830 252 1025 287 Athanasio
1052 251 1140 287 liber
1164 253 1204 287 ΙΙ.
1582 255 1661 298 187

157 380 400 422 exhibeatur
428 378 494 419 lex
528 378 741 431 praecepit
772 378 947 419 sancta?
978 390 1125 431 nempe
1151 378 1225 419 illa
1246 391 1352 431 quae
1374 380 1542 433 torquet
1561 393 1662 434 pro-

156 449 302 490 scribit
334 447 526 501 deportat
551 446 680 487 mittit
710 446 749 487 in
781 458 994 487 carcerem
1027 446 1199 488 deducit
1230 446 1284 488 ad
1315 448 1439 489 exilia
1469 449 1663 491 conlocat

155 518 195 558 in
228 516 414 561 metalla,
457 515 529 556 illa
561 527 666 567 quae
699 515 797 556 fami
830 515 898 556 siti
931 516 1177 557 uerberibus
1208 516 1399 557 nuditate
1433 518 1567 567 necat,
1610 518 1664 559 ad

156 586 349 626 ultimum
380 585 453 626 illa
485 596 591 637 quae
613 584 754 637 gladio
776 584 904 637 punit.
939 585 1041 625 haec
1062 586 1138 633 est,
1173 585 1403 628 Constanti.
1436 586 1511 626 tua
1532 586 1663 628 mise-

122 654 334 695 ⁵1·icordia
367 666 473 707 quae
506 665 582 694 non
615 653 757 693 ueniat
790 665 837 693 ex
868 652 962 705 lege
996 652 1076 702 dei,
1119 653 1194 694 sed
1234 666 1282 694 ex
1325 654 1663 707 praesumptione

159 722 327 764 diaboli.
360 722 570 763 iudicium
599 725 637 764 et
667 721 1010 764 misericordiam
1030 725 1070 763 et
1091 722 1231 775 fidem,
1264 721 1377 775 haec,
1410 722 1558 776 inquit,
1590 736 1665 765 uos

156 792 343 845 oportuit
369 793 508 845 facere
546 794 582 833 et
611 791 693 834 illa
731 804 819 832 ‘non
850 791 1047 832 omittere.
1110 791 1179 832 ubi
1222 791 1285 832 est
1316 790 1422 833 fides
1452 792 1555 832 tua?
1595 791 1665 844 qui

157 860 284 902 fidem
317 872 442 914 quam
472 860 696 902 tenuerunt
727 860 939 902 Abraham
974 861 1092 901 Isaac
1127 861 1168 901 et
1199 861 1324 901 Iacob
1357 860 1590 902 beatissimi
1625 861 1666 901 et

158 930 299 971 cuncti
330 930 555 983 prophetae
600 929 776 982 apost-oli
816 941 863 970 ac
905 929 1109 983 martyres
1150 929 1426 970 damnaueras
1467 929 1510 970 et
1548 928 1665 970 illam

108 1015 140 1038 ιο
159 998 356 1040 statueris
390 997 698 1050 suscipiendam
732 1010 755 1038 a
786 998 948 1038 cunctis
982 998 1047 1038 dei
1080 998 1323 1048 cultoribus,
1365 1012 1490 1052 quam
1522 999 1666 1040 contra

159 1068 265 1109 hanc
284 1066 534 1108 catholicam
555 1065 682 1107 fidem
706 1066 898 1107 diabolus
920 1079 993 1119 per
1015 1067 1263 1120 magistrum
1286 1068 1475 1109 uestrum
1498 1067 1666 1109 Arrium

159 1135 378 1177 uomuerit.
441 1135 591 1188 quibus
624 1147 671 1175 ex
702 1135 827 1176 rebus
849 1147 942 1176 esse
970 1135 1230 1188 intellegeris
1261 1148 1366 1176 unus
1400 1148 1447 1176 ex
1478 1135 1562 1177 illis
1594 1135 1665 1189 qui

161 1204 431 1246 dinoscantur
464 1203 628 1245 audire:
656 1217 738 1245 uae
757 1203 887 1256 uobis,
920 1204 1084 1247 scribae
1104 1206 1143 1245 et
1162 1203 1392 1246 Pharisaei
1414 1204 1666 1258 hypocritae,

160 1274 235 1326 qui
266 1273 486 1315 decimatis
516 1272 731 1314 mentham
761 1275 799 1314 et
831 1272 1032 1314 anethum
1062 1275 1102 1314 et
1122 1274 1337 1327 cyminum
1369 1276 1409 1316 et
1435 1273 1670 1326 reliquistis

111 1362 142 1387 15
160 1356 266 1395 quae
296 1342 499 1396 qrauiora
530 1344 631 1383 sunt
660 1341 763 1395 leqis
792 1341 1002 1383 iudicium
1033 1344 1073 1383 et
1100 1342 1439 1384 misericordiam
1471 1345 1510 1382 et
1527 1341 1667 1395 fidem.

161 1410 262 1453 haec
284 1412 469 1464 oportuit
485 1412 627 1465 facere
656 1414 694 1452 et
713 1410 793 1452 illa
815 1423 902 1453 non
923 1411 1118 1453 mitittere.
1151 1411 1276 1453 duces
1296 1412 1421 1464 caeci,
1458 1411 1671 1464 liquantes

162 1480 336 1523 culicem
353 1484 391 1522 et
407 1480 611 1522 camelum
633 1481 938 1534 traqlutientes.
973 1482 1044 1522 aut
1062 1481 1234 1534 negabis
1250 1481 1429 1522 culicem
1450 1481 1493 1522 te
1510 1480 1671 1534 liquare

163 1552 205 1591 et
236 1549 445 1591 camelum
477 1550 757 1595 transuorare,
805 1551 928 1591 homo
961 1551 1044 1603 qui,
1085 1562 1181 1591 cum
1222 1550 1372 1603 stipem
1414 1562 1493 1591 non
1535 1549 1670 1591 solum

160 1619 333 1671 rogatus
374 1617 448 1658 sed
481 1619 522 1658 et
551 1618 739 1659 tribuens
781 1618 837 1658 sis
877 1630 1186 1671 nonnumquam
1227 1618 1385 1671 sponte,
1426 1619 1581 1669 tamen,
1625 1618 1673 1659 ut

111 1705 145 1730 20
164 1689 227 1728 est
259 1699 383 1740 saepe
417 1686 588 1737 dictum,
629 1686 865 1739 proscribas
905 1686 1164 1727 Christianos
1206 1699 1249 1727 se
1290 1686 1551 1736 confitentes,
1595 1686 1672 1727 de-

162 1756 317 1810 portes,
348 1756 560 1809 torqueas.
594 1756 805 1809 postremo
838 1754 1086 1803 interficias3
1121 1756 1163 1796 et
1193 1755 1351 1797 idcirco
1384 1768 1476 1797 esse
1509 1756 1551 1797 te
1576 1768 1671 1797 cum

162 1824 249 1866 illis
281 1824 407 1866 debes
441 1823 660 1865 aduertere
694 1823 745 1864 ad
778 1835 881 1876 quos
915 1822 1101 1864 dicatur:
1147 1837 1228 1865 uae
1265 1824 1396 1875 viabis,
1436 1824 1595 1866 scribae
1634 1827 1672 1865 et

165 1894 398 1936 Pharisaei
427 1893 680 1948 hypocritae,
721 1893 825 1945 quia
861 1892 1025 1934 similes
1064 1892 1162 1934 estis
1202 1892 1410 1944 sepulcris
1449 1893 1672 1943 dealbatis,

164 1976 272 2015 quae
303 1963 438 2016 aforis
460 1965 623 2015 parent
653 1961 894 2004 hominibus
925 1962 1124 2016 speciosa,
1157 1962 1273 2003 intus
1292 1974 1392 2003 uero
1414 1961 1549 2015 plena
1569 1964 1673 2003 sunt

165 2031 323 2073 ossibus
352 2034 612 2073 mortuorum
644 2033 683 2072 ct
712 2030 829 2072 omni
859 2030 1081 2083 spurcitia.
1113 2030 1173 2072 sic
1192 2033 1230 2072 et
1250 2043 1324 2072 uos
1346 2029 1483 2083 aforis
1504 2030 1675 2083 quidem

161 2101 326 2153 paretis
356 2099 597 2141 hominibus
627 2100 745 2148 iusti,
791 2099 910 2141 intus
951 2112 1051 2141 uero
1083 2099 1205 2151 pleni
1246 2099 1346 2140 estis
1382 2098 1596 2153 hypocrisi
1637 2101 1675 2140 ct

165 2170 406 2222 iniquitate.
439 2181 483 2209 es
507 2180 555 2210 ex
576 2167 660 2210 illis
682 2167 1019 2209 interfectoribus
1043 2167 1095 2209 ad
1118 2180 1221 2221 quos
1244 2167 1419 2209 dicitur:
1450 2171 1671 2221 serpentes,

165 2238 446 2291 qeneramina
466 2238 732 2291 uiperarum,
762 2237 965 2290 quomodo
985 2237 1158 2290 fuqietis
1188 2251 1216 2277 a
1236 2237 1396 2278 iudicio
1426 2236 1674 2291 qehennae?

167 2306 259 2349 ideo
290 2320 376 2349 eece
405 2307 525 2348 mitto
557 2306 614 2348 ad
643 2319 720 2348 uos
743 2305 977 2359 prophetas
1009 2308 1048 2347 et
1066 2306 1280 2358 sapientes
1300 2309 1339 2347 et
1358 2304 1531 2353 scribas,
1564 2307 1602 2346 et
1620 2317 1673 2347 ea:

116 2375 260 2418 suillis
298 2375 492 2418 occidetis
529 2378 566 2418 et
605 2375 858 2429 criceifiyetis
897 2377 937 2415 et
967 2375 1282 2427 persequemini
1319 2374 1369 2415 de
1406 2374 1586 2416 ciuitate
1628 2373 1675 2415 in

305 2501 327 2534 6
353 2499 481 2535 Matth.
506 2499 563 2540 23,
590 2499 634 2534 23
755 2500 796 2534 13
821 2499 867 2533 ib.
893 2499 950 2541 23,
977 2499 1112 2533 23-25
1238 2498 1282 2532 22
1308 2498 1354 2533 ib.
1379 2498 1435 2539 23,
1462 2498 1515 2533 27.
1541 2497 1586 2533 28

168 2557 211 2591 27
238 2557 283 2592 ib.
308 2556 364 2596 23,
390 2556 526 2591 33--36

239 2683 260 2716 9
285 2681 506 2716 damnaueris
530 2682 626 2716 com:
653 2682 773 2715 Titius
874 2663 1067 2716 12”‘'muerit
1170 2681 1212 2714 14
1238 2682 1358 2714 menta
1382 2682 1419 2714 et
1443 2681 1585 2714 anetum

173 2750 215 2784 16
241 2732 321 2784 hace
413 2750 454 2785 17
479 2749 771 2794 transglutientes
796 2761 817 2783 i·
926 2749 968 2784 18
992 2749 1084 2793 stipe
1188 2748 1233 2782 20
1259 2748 1422 2793 deportes
1447 2749 1596 2793 scripsi,
1622 2747 1679 2781 de-

171 2807 280 2851 portis
303 2807 343 2847 V,
369 2806 534 2851 deportas
557 2818 579 2841 v
670 2806 715 2842 23
730 2806 956 2851 hypochritae
1050 2806 1238 2850 sepulchris
1330 2805 1375 2840 26
1392 2805 1588 2850 hypochrisi

171 2864 215 2897 30
240 2865 483 2908 persequimini
509 2876 529 2898 r
