1934 3278
497 257 550 291 De
576 267 645 291 non
670 256 844 301 parcendo
869 257 905 291 in
931 257 1033 292 deum
1059 257 1352 301 delinquentibus.
1595 260 1674 302 251

177 399 278 441 quos
315 398 494 439 nequam
534 397 626 426 esse
668 397 714 426 ac
754 385 936 438 perfidos
977 385 1169 439 designat
1201 386 1365 428 dicens:
1411 387 1522 440 filios
1551 387 1678 442 qenai

174 460 212 499 et
239 455 449 508 exaltaui,
496 455 583 508 ipsi
614 457 752 495 autem
789 468 852 496 me
889 458 1152 507 sprcaerunt.
1215 455 1309 497 hinc
1355 455 1433 497 tibi
1473 456 1677 509 superbus

175 524 341 567 uideor.
391 523 489 577 quia
525 523 692 576 cupiam
729 522 771 564 te
807 523 983 564 inueniri
1023 523 1132 566 inter
1173 536 1243 567 eos
1286 536 1389 578 quos
1429 525 1577 567 unicus
1611 525 1677 567 dei

175 593 286 635 filius
318 593 371 635 ad
402 603 576 645 regnum
609 604 729 633 suum
761 591 914 633 inuitat
946 591 1108 634 dicens:
1141 594 1292 644 uenite,
1318 593 1521 635 benedicti
1539 594 1679 646 patris

142 670 157 695 ⁵
175 663 276 712 mei,
317 663 523 715 percipite
562 675 737 715 reanum
777 662 885 714 qaod
921 662 1039 704 uobis
1075 666 1282 715 paratum
1321 666 1379 705 est
1420 663 1471 704 ab
1517 663 1679 718 origine

175 731 337 773 mundi.
387 731 433 772 tu
465 730 542 771 tibi
575 729 789 772 arbitraris
821 730 1118 772 contumeliam
1147 731 1191 773 te
1223 731 1323 784 pati.
1358 731 1455 785 quia
1487 731 1679 773 dicantur

175 800 250 841 tibi
289 811 395 853 quae
434 811 535 841 uera
575 799 691 846 sunt,
740 799 953 852 apostolus
994 799 1202 852 gloriosus
1233 800 1378 841 contra
1406 800 1581 842 mandat
1613 799 1678 842 di-

176 881 295 911 cens:
338 871 559 922 peccantes
590 881 733 910 coram
763 868 956 910 omnibus
996 882 1149 921 arque,
1195 872 1243 910 ut
1272 872 1309 910 et
1339 870 1461 910 ceteri
1492 870 1680 911 timorem

175 939 367 981 habeant.
401 938 467 979 cui
502 937 739 978 auscultare
771 950 838 978 me
872 937 1062 990 oportet?
1092 937 1222 979 tibine
1246 938 1315 991 qui
1341 937 1477 980 dicas:
1505 939 1596 980 sine
1616 951 1679 980 me

126 1016 158 1041 1⁰
175 1009 382 1050 destruere
411 1007 478 1049 dei
509 1006 770 1060 reliyionem,
817 1019 962 1048 seruos
993 1007 1083 1048 eius
1112 1009 1351 1048 conuertere
1383 1007 1440 1048 ad
1470 1006 1679 1048 antichri-

175 1080 307 1129 stum,
353 1076 444 1118 sine
482 1089 546 1117 me
583 1076 631 1117 in
669 1075 890 1129 sacrileyio
932 1075 1006 1117 hoc
1044 1089 1132 1117 meo
1174 1078 1345 1118 cunctos
1374 1079 1578 1125 statuere,
1629 1087 1679 1117 an

175 1146 299 1188 beato
341 1144 527 1198 apostolo
567 1144 636 1197 qui
675 1144 776 1185 mihi
815 1144 1020 1197 praecipit
1058 1144 1105 1186 ut
1141 1144 1184 1186 te
1224 1144 1468 1198 peccantem
1508 1156 1680 1198 arguam

177 1226 316 1256 coram
357 1213 546 1255 cunctis?
593 1213 667 1254 sed
706 1213 740 1254 si
781 1213 994 1255 existimas
1036 1226 1207 1266 parcere
1247 1226 1314 1256 me
1353 1213 1429 1256 tibi
1470 1213 1679 1263 debuisse,

176 1284 395 1337 propterea
427 1282 537 1336 quod
570 1282 627 1323 sis
658 1281 906 1335 imperator.
958 1283 999 1323 et
1029 1282 1070 1323 in
1103 1282 1179 1323 hoc
1210 1282 1410 1324 inueniris
1441 1281 1679 1335 inprudens.

127 1352 296 1395 1⁵audis
330 1351 437 1392 enim
477 1350 615 1392 dicere
657 1350 912 1404 apostolum:
953 1354 1176 1403 peccantes
1207 1364 1350 1392 coram
1382 1351 1572 1393 omnibus
1605 1365 1678 1392 ar-

174 1436 264 1477 que,
296 1425 342 1463 ut
372 1423 408 1462 et
439 1420 563 1462 ceteri
594 1420 781 1461 timorem
812 1419 993 1461 habeant
1003 1432 1019 1471 ‚·
1066 1419 1107 1461 et
1141 1419 1208 1468 tu,
1258 1420 1480 1474 debueras,
1527 1419 1678 1473 inquis,

177 1490 280 1532 mihi
311 1489 551 1543 specialiter
575 1502 771 1541 parcere,
808 1490 910 1541 qaia
948 1489 1122 1541 fuissem
1161 1502 1235 1530 rex
1266 1488 1455 1531 Romani
1495 1489 1679 1542 imperii.

180 1560 220 1602 et
258 1559 327 1600 ubi
366 1558 491 1600 istam
530 1557 871 1598 testificationem
912 1557 1321 1611 praetermittebam:
1373 1560 1501 1599 testor
1538 1571 1680 1599 coram

178 1629 251 1670 deo
283 1631 318 1669 et
353 1627 519 1669 Christo
552 1627 650 1669 Iesu
682 1630 719 1668 et
749 1626 886 1668 electis
917 1626 1101 1680 ametis,
1143 1629 1191 1668 ut
1221 1626 1319 1668 haec
1349 1626 1560 1668 custodias
1589 1627 1681 1668 sine

127 1699 160 1724 ²⁰
181 1697 438 1750 discrimine,
471 1695 583 1737 nihil
612 1696 779 1748 faciens
811 1697 858 1737 in
889 1695 1025 1737 aliam
1050 1698 1221 1748 partem
1251 1695 1535 1737 declinando?
1585 1694 1679 1736 hinc

180 1766 292 1807 certe
323 1765 399 1806 tibi
432 1764 576 1805 uideor
609 1777 699 1806 esse
732 1764 1082 1814 contumeliosus,
1125 1763 1223 1818 quia
1253 1764 1478 1817 praecepta
1507 1764 1582 1805 tua
1614 1762 1680 1805 dei

178 1834 412 1888 praeceptis
458 1847 538 1875 non
587 1834 909 1887 anteposuerim.
961 1834 1002 1875 in
1036 1833 1210 1875 Actibus
1258 1833 1539 1887 apostolorum
1585 1833 1680 1886 lego

178 1903 323 1944 beatos
357 1903 565 1956 apostolos
595 1903 738 1957 raptos
771 1904 821 1945 ab
854 1903 936 1951 eis,
975 1915 1149 1956 quorum
1182 1915 1225 1944 es
1257 1903 1466 1956 particeps
1498 1914 1578 1943 non
1610 1913 1681 1943 so-

177 1972 263 2013 lum
295 1972 334 2012 in
366 1971 675 2021 incredulitate,
709 1971 783 2013 sed
817 1972 858 2013 et
888 1971 1151 2018 crudelitate,
1186 1971 1228 2013 et
1259 1971 1528 2024 praeceptum
1554 1969 1681 2012 fuisse

127 2049 161 2075 ²⁵
178 2040 262 2082 illis
293 2053 350 2089 ¹ne
393 2039 589 2081 docerent
627 2040 666 2081 in
707 2039 871 2081 nomine
910 2039 1064 2082 domini
1097 2039 1226 2081 nostri
1259 2041 1355 2081 Iesu
1388 2039 1555 2083 Christi.
1608 2039 1683 2081 sed

179 2108 399 2150 uideamus
430 2109 584 2162 pariter
614 2109 749 2162 ipsam
781 2121 926 2150 sacrae
959 2108 1191 2162 scripturae
1222 2108 1398 2162 partem,
1439 2108 1473 2150 si
1506 2107 1682 2162 apostoli

179 2177 414 2231 praeceptis
448 2177 514 2218 dei
546 2177 655 2218 unici
688 2178 763 2219 filii
795 2178 1059 2219 inimicorum
1081 2177 1409 2231 temperauerint
1432 2189 1482 2218 an
1505 2190 1554 2219 ea
1576 2189 1681 2232 quae

178 2246 390 2299 implenda
421 2246 690 2300 susceperant
710 2246 1012 2288 instantissime
1034 2246 1187 2288 fuerint
1207 2245 1487 2299 perfinientes.
1521 2259 1681 2287 uocan-

179 2317 258 2367 tes,
299 2314 454 2368 inquit,
497 2314 703 2369 apostolos
733 2327 874 2357 caesos
904 2327 971 2357 eos
1000 2315 1266 2369 dimiserant,
1297 2313 1603 2367 praecipientes
1633 2327 1683 2355 ne

129 2382 446 2436 ³⁰loquerentur
484 2384 533 2424 in
572 2384 743 2424 nomine
781 2384 881 2425 Iesu
920 2383 1002 2425 ulli
1041 2383 1272 2425 hominum.
1323 2381 1394 2423 illi
1432 2394 1526 2435 erqo
1568 2382 1684 2423 ibant

178 2451 406 2504 yaadentes
429 2466 455 2493 a
486 2454 704 2505 conspectu
737 2451 916 2503 concilii,
948 2451 1059 2505 quod
1081 2465 1165 2505 pro
1197 2451 1364 2493 nomine
1394 2449 1516 2502 diyni
1548 2449 1683 2491 habiti

181 2522 281 2560 sunt
316 2519 610 2561 contumeliam
640 2520 752 2573 pati.
807 2520 922 2561 omni
954 2522 1095 2561 autem
1125 2520 1192 2561 die
1230 2519 1277 2560 in
1316 2518 1468 2571 templo
1500 2521 1537 2559 et
1568 2519 1682 2560 domi

319 2644 333 2678 1
364 2645 419 2679 Es.
449 2645 480 2680 1.
507 2645 527 2678 2
644 2646 663 2678 4
691 2644 818 2679 Matth.
843 2644 899 2681 25.
925 2644 969 2678 34
1091 2644 1112 2679 8
1138 2644 1154 2678 1
1178 2644 1265 2678 Tim.
1291 2645 1322 2685 5,
1349 2645 1393 2679 20
1511 2643 1553 2678 15
1576 2643 1624 2678 ib.
1650 2644 1682 2680 5.

183 2701 226 2734 20
320 2701 362 2736 18
387 2702 433 2737 ib.
460 2703 491 2741 5,
518 2703 557 2736 21
653 2702 698 2737 28
723 2702 800 2737 Act.
827 2703 858 2741 5,
885 2701 1019 2736 40-42

274 2814 295 2848 6
327 2814 405 2859 tibi]
439 2815 488 2849 ibi
521 2816 609 2858 sort.
761 2815 802 2849 18
837 2814 1082 2870 ptermittebat
1220 2814 1264 2849 28
1295 2814 1541 2859 praefinientes
1577 2826 1594 2848 v

184 2869 226 2904 30
251 2871 471 2916 loquerentur
