<?xml version="1.0" encoding="UTF-8"?>
<!DOCTYPE html PUBLIC "-//W3C//DTD XHTML 1.0 Transitional//EN"
    "http://www.w3.org/TR/xhtml1/DTD/xhtml1-transitional.dtd">
<html xmlns="http://www.w3.org/1999/xhtml" xml:lang="en" lang="en">
 <head>
  <title>
</title>
<meta http-equiv="Content-Type" content="text/html;charset=utf-8" />
  <meta name='ocr-system' content='tesseract 3.04.00' />
  <meta name='ocr-capabilities' content='ocr_page ocr_carea ocr_par ocr_line ocrx_word'/>
</head>
<body>
  <div class='ocr_page' id='page_1' title='image "./corpusscriptorum14luciuoft_0574.png"; bbox 0 0 1934 3278; ppageno 0'>
   <div class='ocr_carea' id='block_1_1' title="bbox 787 651 1333 730">
    <p class='ocr_par' dir='ltr' id='par_1_1' title="bbox 787 651 1333 730">
     <span class='ocr_line' id='line_1_1' title="bbox 787 651 1333 730; baseline -0.004 -16"><span class='ocrx_word' id='word_1_1' title='bbox 787 652 978 716; x_wconf 85' lang='lat' dir='ltr'>Index</span> <span class='ocrx_word' id='word_1_2' title='bbox 1020 651 1333 730; x_wconf 78' lang='lat' dir='ltr'>siglorum.</span> 
     </span>
    </p>
   </div>
   <div class='ocr_carea' id='block_1_2' title="bbox 308 800 1812 904">
    <p class='ocr_par' dir='ltr' id='par_1_2' title="bbox 308 800 1812 904">
     <span class='ocr_line' id='line_1_2' title="bbox 308 800 1812 843; baseline -0.001 -4"><span class='ocrx_word' id='word_1_3' title='bbox 308 807 364 839; x_wconf 82' lang='lat' dir='ltr'><strong><em>M</em></strong></span> <span class='ocrx_word' id='word_1_4' title='bbox 387 818 426 833; x_wconf 67' lang='grc' dir='ltr'>-τ</span> <span class='ocrx_word' id='word_1_5' title='bbox 455 802 533 837; x_wconf 87' lang='lat' dir='ltr'>cod.</span> <span class='ocrx_word' id='word_1_6' title='bbox 559 801 885 842; x_wconf 82' lang='lat' dir='ltr'>Mediomontanus‚</span> <span class='ocrx_word' id='word_1_7' title='bbox 911 811 1003 835; x_wconf 86' lang='lat' dir='ltr'>nunc</span> <span class='ocrx_word' id='word_1_8' title='bbox 1030 800 1373 843; x_wconf 79' lang='lat' dir='ltr'>Cheltenhamensis,</span> <span class='ocrx_word' id='word_1_9' title='bbox 1398 800 1606 842; x_wconf 65' lang='lat' dir='ltr'>membran„</span> <span class='ocrx_word' id='word_1_10' title='bbox 1639 812 1674 836; x_wconf 91' lang='lat' dir='ltr'>n.</span> <span class='ocrx_word' id='word_1_11' title='bbox 1703 803 1812 837; x_wconf 79' lang='grc'>12261</span> 
     </span>
     <span class='ocr_line' id='line_1_3' title="bbox 449 859 699 904; baseline 0 -10"><span class='ocrx_word' id='word_1_12' title='bbox 449 862 551 902; x_wconf 82' lang='lat' dir='ltr'>(saec.</span> <span class='ocrx_word' id='word_1_13' title='bbox 578 859 699 904; x_wconf 88' lang='lat' dir='ltr'><strong>VIII).</strong></span> 
     </span>
    </p>
   </div>
   <div class='ocr_carea' id='block_1_3' title="bbox 312 927 1817 1031">
    <p class='ocr_par' dir='ltr' id='par_1_3' title="bbox 312 927 1817 1031">
     <span class='ocr_line' id='line_1_4' title="bbox 312 927 1817 972; baseline -0.001 -8"><span class='ocrx_word' id='word_1_14' title='bbox 312 931 357 965; x_wconf 80' lang='grc' dir='ltr'>Ρ1</span> <span class='ocrx_word' id='word_1_15' title='bbox 385 944 427 959; x_wconf 76' lang='lat'>:2</span> <span class='ocrx_word' id='word_1_16' title='bbox 453 929 556 963; x_wconf 82' lang='lat' dir='ltr'>Pitra</span> <span class='ocrx_word' id='word_1_17' title='bbox 588 929 626 962; x_wconf 88' lang='lat' dir='ltr'>in</span> <span class='ocrx_word' id='word_1_18' title='bbox 657 928 758 962; x_wconf 84' lang='lat' dir='ltr'>textu</span> <span class='ocrx_word' id='word_1_19' title='bbox 791 928 969 970; x_wconf 80' lang='lat' dir='ltr'>carminis,</span> <span class='ocrx_word' id='word_1_20' title='bbox 1006 938 1110 972; x_wconf 88' lang='lat' dir='ltr'>quem</span> <span class='ocrx_word' id='word_1_21' title='bbox 1140 929 1179 962; x_wconf 90' lang='lat' dir='ltr'>in</span> <span class='ocrx_word' id='word_1_22' title='bbox 1214 927 1400 972; x_wconf 86' lang='lat' dir='ltr'>Spicilegii</span> <span class='ocrx_word' id='word_1_23' title='bbox 1432 927 1664 963; x_wconf 80' lang='lat' dir='ltr'>Solesmensis</span> <span class='ocrx_word' id='word_1_24' title='bbox 1695 929 1767 963; x_wconf 82' lang='lat' dir='ltr'>uol.</span> <span class='ocrx_word' id='word_1_25' title='bbox 1799 929 1817 963; x_wconf 90' lang='lat' dir='ltr'><strong>I</strong></span> 
     </span>
     <span class='ocr_line' id='line_1_5' title="bbox 450 985 1117 1031; baseline -0.003 -11"><span class='ocrx_word' id='word_1_26' title='bbox 450 998 484 1031; x_wconf 86' lang='lat' dir='ltr'>p.</span> <span class='ocrx_word' id='word_1_27' title='bbox 509 986 646 1020; x_wconf 84' lang='lat'>21—49</span> <span class='ocrx_word' id='word_1_28' title='bbox 671 996 765 1020; x_wconf 84' lang='lat' dir='ltr'>anno</span> <span class='ocrx_word' id='word_1_29' title='bbox 793 985 881 1019; x_wconf 84' lang='lat'>1852</span> <span class='ocrx_word' id='word_1_30' title='bbox 907 986 1117 1029; x_wconf 80' lang='lat' dir='ltr'>publicauit.</span> 
     </span>
    </p>
   </div>
   <div class='ocr_carea' id='block_1_4' title="bbox 315 1053 1818 1147">
    <p class='ocr_par' dir='ltr' id='par_1_4' title="bbox 315 1053 1818 1147">
     <span class='ocr_line' id='line_1_6' title="bbox 315 1053 1818 1098; baseline -0.002 -7"><span class='ocrx_word' id='word_1_31' title='bbox 315 1057 367 1091; x_wconf 61' lang='grc' dir='ltr'>Ρ2</span> <span class='ocrx_word' id='word_1_32' title='bbox 393 1069 437 1085; x_wconf 93' lang='lat'><strong><em>=</em></strong></span> <span class='ocrx_word' id='word_1_33' title='bbox 462 1054 566 1089; x_wconf 85' lang='lat' dir='ltr'>Pitra</span> <span class='ocrx_word' id='word_1_34' title='bbox 583 1055 620 1088; x_wconf 90' lang='lat' dir='ltr'>in</span> <span class='ocrx_word' id='word_1_35' title='bbox 638 1055 735 1089; x_wconf 82' lang='lat' dir='ltr'>notis</span> <span class='ocrx_word' id='word_1_36' title='bbox 752 1053 836 1088; x_wconf 86' lang='lat' dir='ltr'>huic</span> <span class='ocrx_word' id='word_1_37' title='bbox 853 1054 968 1088; x_wconf 83' lang='lat' dir='ltr'>textui</span> <span class='ocrx_word' id='word_1_38' title='bbox 987 1055 1058 1088; x_wconf 91' lang='lat' dir='ltr'>imo</span> <span class='ocrx_word' id='word_1_39' title='bbox 1076 1054 1239 1098; x_wconf 80' lang='lat' dir='ltr'>margine</span> <span class='ocrx_word' id='word_1_40' title='bbox 1257 1053 1404 1098; x_wconf 78' lang='lat' dir='ltr'>additis,</span> <span class='ocrx_word' id='word_1_41' title='bbox 1424 1054 1551 1098; x_wconf 89' lang='lat' dir='ltr'>quibus</span> <span class='ocrx_word' id='word_1_42' title='bbox 1569 1054 1678 1088; x_wconf 83' lang='lat' dir='ltr'>etiam</span> <span class='ocrx_word' id='word_1_43' title='bbox 1696 1054 1818 1089; x_wconf 82' lang='lat' dir='ltr'>uariae</span> 
     </span>
     <span class='ocr_line' id='line_1_7' title="bbox 453 1111 1064 1147; baseline -0.002 -1"><span class='ocrx_word' id='word_1_44' title='bbox 453 1112 624 1147; x_wconf 85' lang='lat' dir='ltr'>lectiones</span> <span class='ocrx_word' id='word_1_45' title='bbox 650 1111 781 1146; x_wconf 85' lang='lat' dir='ltr'>codicis</span> <span class='ocrx_word' id='word_1_46' title='bbox 806 1112 1064 1146; x_wconf 84' lang='lat' dir='ltr'>exscribuntur.</span> 
     </span>
    </p>
   </div>
   <div class='ocr_carea' id='block_1_5' title="bbox 315 1181 1600 1224">
    <p class='ocr_par' dir='ltr' id='par_1_5' title="bbox 315 1181 1600 1224">
     <span class='ocr_line' id='line_1_8' title="bbox 315 1181 1600 1224; baseline -0.002 -6"><span class='ocrx_word' id='word_1_47' title='bbox 315 1183 364 1218; x_wconf 74' lang='grc' dir='ltr'>Ρ3</span> <span class='ocrx_word' id='word_1_48' title='bbox 388 1197 433 1211; x_wconf 76' lang='lat' dir='ltr'><em>z</em></span> <span class='ocrx_word' id='word_1_49' title='bbox 456 1181 580 1216; x_wconf 82' lang='lat' dir='ltr'>Pitrae</span> <span class='ocrx_word' id='word_1_50' title='bbox 605 1192 769 1216; x_wconf 81' lang='lat' dir='ltr'><strong>excursus</strong></span> <span class='ocrx_word' id='word_1_51' title='bbox 796 1181 835 1214; x_wconf 89' lang='lat' dir='ltr'>in</span> <span class='ocrx_word' id='word_1_52' title='bbox 861 1181 1151 1216; x_wconf 76' lang='lat' dir='ltr'>Commodianum</span> <span class='ocrx_word' id='word_1_53' title='bbox 1179 1181 1265 1223; x_wconf 88' lang='lat' dir='ltr'>(nol.</span> <span class='ocrx_word' id='word_1_54' title='bbox 1292 1181 1310 1215; x_wconf 95' lang='lat' dir='ltr'><strong>I</strong></span> <span class='ocrx_word' id='word_1_55' title='bbox 1335 1191 1368 1224; x_wconf 88' lang='lat' dir='ltr'>p.</span> <span class='ocrx_word' id='word_1_56' title='bbox 1393 1181 1600 1224; x_wconf 81' lang='lat'>537—543).</span> 
     </span>
    </p>
   </div>
   <div class='ocr_carea' id='block_1_6' title="bbox 314 1250 1819 1410">
    <p class='ocr_par' dir='ltr' id='par_1_6' title="bbox 314 1250 1819 1410">
     <span class='ocr_line' id='line_1_9' title="bbox 314 1250 1816 1294; baseline -0.001 -8"><span class='ocrx_word' id='word_1_57' title='bbox 314 1252 362 1286; x_wconf 70' lang='grc' dir='ltr'>Ρ4</span> <span class='ocrx_word' id='word_1_58' title='bbox 386 1265 431 1281; x_wconf 88' lang='lat'>=</span> <span class='ocrx_word' id='word_1_59' title='bbox 456 1251 626 1285; x_wconf 83' lang='lat' dir='ltr'><strong>carminis</strong></span> <span class='ocrx_word' id='word_1_60' title='bbox 651 1250 864 1294; x_wconf 76' lang='lat' dir='ltr'>apologetici</span> <span class='ocrx_word' id='word_1_61' title='bbox 890 1252 998 1294; x_wconf 83' lang='lat' dir='ltr'>caput</span> <span class='ocrx_word' id='word_1_62' title='bbox 1022 1250 1191 1284; x_wconf 81' lang='lat' dir='ltr'>ultimum</span> <span class='ocrx_word' id='word_1_63' title='bbox 1217 1260 1257 1284; x_wconf 85' lang='lat' dir='ltr'>ex</span> <span class='ocrx_word' id='word_1_64' title='bbox 1282 1250 1413 1284; x_wconf 76' lang='lat' dir='ltr'>iterata</span> <span class='ocrx_word' id='word_1_65' title='bbox 1438 1250 1632 1285; x_wconf 81' lang='lat' dir='ltr'>collatione</span> <span class='ocrx_word' id='word_1_66' title='bbox 1657 1251 1816 1285; x_wconf 81' lang='lat' dir='ltr'>Thomae</span> 
     </span>
     <span class='ocr_line' id='line_1_10' title="bbox 452 1307 1819 1352; baseline 0.001 -10"><span class='ocrx_word' id='word_1_67' title='bbox 452 1308 637 1352; x_wconf 87' lang='lat' dir='ltr'>Phillipps</span> <span class='ocrx_word' id='word_1_68' title='bbox 670 1308 775 1342; x_wconf 91' lang='lat' dir='ltr'>nouis</span> <span class='ocrx_word' id='word_1_69' title='bbox 801 1309 894 1342; x_wconf 83' lang='lat' dir='ltr'>curis</span> <span class='ocrx_word' id='word_1_70' title='bbox 927 1318 947 1341; x_wconf 85' lang='lat' dir='ltr'>a</span> <span class='ocrx_word' id='word_1_71' title='bbox 973 1307 1076 1342; x_wconf 84' lang='lat' dir='ltr'>Pitra</span> <span class='ocrx_word' id='word_1_72' title='bbox 1100 1308 1311 1342; x_wconf 85' lang='lat' dir='ltr'>restitutum</span> <span class='ocrx_word' id='word_1_73' title='bbox 1340 1307 1474 1352; x_wconf 80' lang='lat' dir='ltr'>(Spicil,</span> <span class='ocrx_word' id='word_1_74' title='bbox 1501 1308 1647 1342; x_wconf 85' lang='lat' dir='ltr'>Solesm.</span> <span class='ocrx_word' id='word_1_75' title='bbox 1673 1308 1742 1343; x_wconf 92' lang='lat' dir='ltr'>uol.</span> <span class='ocrx_word' id='word_1_76' title='bbox 1766 1308 1819 1343; x_wconf 89' lang='lat' dir='ltr'>IV</span> 
     </span>
     <span class='ocr_line' id='line_1_11' title="bbox 449 1365 719 1410; baseline 0.004 -11"><span class='ocrx_word' id='word_1_77' title='bbox 449 1376 484 1410; x_wconf 88' lang='lat' dir='ltr'>p.</span> <span class='ocrx_word' id='word_1_78' title='bbox 508 1365 719 1409; x_wconf 80' lang='lat'>222—224).</span> 
     </span>
    </p>
   </div>
   <div class='ocr_carea' id='block_1_7' title="bbox 315 1433 1820 1674">
    <p class='ocr_par' dir='ltr' id='par_1_7' title="bbox 317 1433 1343 1479">
     <span class='ocr_line' id='line_1_12' title="bbox 317 1433 1343 1479; baseline -0.002 -9"><span class='ocrx_word' id='word_1_79' title='bbox 317 1436 367 1471; x_wconf 82' lang='lat' dir='ltr'>P⁶</span> <span class='ocrx_word' id='word_1_80' title='bbox 390 1451 436 1465; x_wconf 91' lang='lat'><strong><em>=</em></strong></span> <span class='ocrx_word' id='word_1_81' title='bbox 460 1437 566 1470; x_wconf 85' lang='lat' dir='ltr'>notae</span> <span class='ocrx_word' id='word_1_82' title='bbox 590 1435 675 1470; x_wconf 85' lang='lat' dir='ltr'>huic</span> <span class='ocrx_word' id='word_1_83' title='bbox 699 1435 816 1469; x_wconf 82' lang='lat' dir='ltr'>textui</span> <span class='ocrx_word' id='word_1_84' title='bbox 840 1435 911 1469; x_wconf 91' lang='lat' dir='ltr'>imo</span> <span class='ocrx_word' id='word_1_85' title='bbox 936 1435 1097 1479; x_wconf 85' lang='lat' dir='ltr'>margine</span> <span class='ocrx_word' id='word_1_86' title='bbox 1122 1433 1343 1469; x_wconf 79' lang='lat' dir='ltr'>subiunctae.</span> 
     </span>
    </p>

    <p class='ocr_par' dir='ltr' id='par_1_8' title="bbox 315 1503 1820 1548">
     <span class='ocr_line' id='line_1_13' title="bbox 315 1503 1820 1548; baseline -0.001 -9"><span class='ocrx_word' id='word_1_87' title='bbox 315 1505 372 1540; x_wconf 88' lang='lat' dir='ltr'>Lb</span> <span class='ocrx_word' id='word_1_88' title='bbox 398 1519 443 1534; x_wconf 90' lang='lat'>=</span> <span class='ocrx_word' id='word_1_89' title='bbox 469 1503 660 1538; x_wconf 82' lang='lat' dir='ltr'>Leimbach</span> <span class='ocrx_word' id='word_1_90' title='bbox 675 1504 712 1537; x_wconf 93' lang='lat' dir='ltr'>in</span> <span class='ocrx_word' id='word_1_91' title='bbox 728 1505 989 1548; x_wconf 80' lang='lat' dir='ltr'>programmate</span> <span class='ocrx_word' id='word_1_92' title='bbox 1008 1503 1167 1548; x_wconf 82' lang='lat' dir='ltr'>paschali</span> <span class='ocrx_word' id='word_1_93' title='bbox 1182 1503 1479 1538; x_wconf 82' lang='lat' dir='ltr'>Schmalcaldensi</span> <span class='ocrx_word' id='word_1_94' title='bbox 1499 1515 1589 1538; x_wconf 83' lang='lat' dir='ltr'>anno</span> <span class='ocrx_word' id='word_1_95' title='bbox 1609 1504 1695 1539; x_wconf 81' lang='lat'>1871</span> <span class='ocrx_word' id='word_1_96' title='bbox 1714 1504 1820 1538; x_wconf 80' lang='lat' dir='ltr'>edito.</span> 
     </span>
    </p>

    <p class='ocr_par' dir='ltr' id='par_1_9' title="bbox 318 1571 1816 1674">
     <span class='ocr_line' id='line_1_14' title="bbox 318 1571 1816 1615; baseline 0.001 -8"><span class='ocrx_word' id='word_1_97' title='bbox 318 1575 349 1607; x_wconf 77' lang='lat' dir='ltr'><strong><em>R</em></strong></span> <span class='ocrx_word' id='word_1_98' title='bbox 377 1588 422 1602; x_wconf 92' lang='lat'>=</span> <span class='ocrx_word' id='word_1_99' title='bbox 449 1572 678 1607; x_wconf 85' lang='lat' dir='ltr'>Hermannus</span> <span class='ocrx_word' id='word_1_100' title='bbox 703 1571 865 1606; x_wconf 83' lang='lat' dir='ltr'>Boensch</span> <span class='ocrx_word' id='word_1_101' title='bbox 890 1572 927 1606; x_wconf 88' lang='lat' dir='ltr'>in</span> <span class='ocrx_word' id='word_1_102' title='bbox 954 1572 1107 1606; x_wconf 75' lang='lat' dir='ltr'>editione</span> <span class='ocrx_word' id='word_1_103' title='bbox 1133 1583 1196 1607; x_wconf 88' lang='lat' dir='ltr'>sua</span> <span class='ocrx_word' id='word_1_104' title='bbox 1229 1572 1415 1615; x_wconf 87' lang='lat' dir='ltr'>(Zeitsehr.</span> <span class='ocrx_word' id='word_1_105' title='bbox 1441 1572 1466 1606; x_wconf 88' lang='lat' dir='ltr'>f.</span> <span class='ocrx_word' id='word_1_106' title='bbox 1490 1573 1524 1607; x_wconf 88' lang='lat' dir='ltr'>d.</span> <span class='ocrx_word' id='word_1_107' title='bbox 1551 1573 1677 1607; x_wconf 88' lang='lat' dir='ltr'>histor.</span> <span class='ocrx_word' id='word_1_108' title='bbox 1703 1573 1816 1608; x_wconf 82' lang='lat' dir='ltr'>Theo—</span> 
     </span>
     <span class='ocr_line' id='line_1_15' title="bbox 455 1629 1124 1674; baseline -0.001 -10"><span class='ocrx_word' id='word_1_109' title='bbox 455 1629 563 1674; x_wconf 84' lang='lat' dir='ltr'>logie,</span> <span class='ocrx_word' id='word_1_110' title='bbox 588 1629 714 1673; x_wconf 84' lang='lat' dir='ltr'>Jahrg.</span> <span class='ocrx_word' id='word_1_111' title='bbox 742 1629 831 1663; x_wconf 76' lang='lat'>1872</span> <span class='ocrx_word' id='word_1_112' title='bbox 858 1640 890 1673; x_wconf 86' lang='lat' dir='ltr'>p.</span> <span class='ocrx_word' id='word_1_113' title='bbox 919 1629 1124 1671; x_wconf 78' lang='lat'>163—302).</span> 
     </span>
    </p>
   </div>
   <div class='ocr_carea' id='block_1_8' title="bbox 316 1697 1471 1794">
    <p class='ocr_par' dir='ltr' id='par_1_10' title="bbox 316 1697 1471 1794">
     <span class='ocr_line' id='line_1_16' title="bbox 316 1697 1471 1742; baseline -0.002 -8"><span class='ocrx_word' id='word_1_114' title='bbox 316 1701 373 1735; x_wconf 82' lang='lat' dir='ltr'>Ld</span> <span class='ocrx_word' id='word_1_115' title='bbox 398 1714 441 1730; x_wconf 90' lang='lat'><strong><em>=</em></strong></span> <span class='ocrx_word' id='word_1_116' title='bbox 467 1699 641 1733; x_wconf 85' lang='lat' dir='ltr'>Ernestus</span> <span class='ocrx_word' id='word_1_117' title='bbox 666 1698 817 1742; x_wconf 85' lang='lat' dir='ltr'>Ludwig</span> <span class='ocrx_word' id='word_1_118' title='bbox 840 1698 877 1732; x_wconf 90' lang='lat' dir='ltr'>in</span> <span class='ocrx_word' id='word_1_119' title='bbox 904 1698 956 1732; x_wconf 89' lang='lat' dir='ltr'>ed.</span> <span class='ocrx_word' id='word_1_120' title='bbox 985 1697 1232 1732; x_wconf 81' lang='lat' dir='ltr'>Teubneriana</span> <span class='ocrx_word' id='word_1_121' title='bbox 1257 1699 1344 1732; x_wconf 81' lang='lat' dir='ltr'>anni</span> <span class='ocrx_word' id='word_1_122' title='bbox 1369 1698 1471 1733; x_wconf 87' lang='grc'><strong>1877.</strong></span> 
     </span>
     <span class='ocr_line' id='line_1_17' title="bbox 319 1756 624 1794; baseline -0.013 0"><span class='ocrx_word' id='word_1_123' title='bbox 319 1770 339 1793; x_wconf 86' lang='grc' dir='ltr'><strong><em>υ</em></strong></span> <span class='ocrx_word' id='word_1_124' title='bbox 364 1773 405 1787; x_wconf 80' lang='lat'><strong><em>=</em></strong></span> <span class='ocrx_word' id='word_1_125' title='bbox 432 1757 469 1794; x_wconf 85' lang='lat' dir='ltr'><em>R</em></span> <span class='ocrx_word' id='word_1_126' title='bbox 493 1758 528 1791; x_wconf 85' lang='lat' dir='ltr'>et</span> <span class='ocrx_word' id='word_1_127' title='bbox 553 1756 624 1791; x_wconf 75' lang='lat' dir='ltr'>Lol.</span> 
     </span>
    </p>
   </div>
   <div class='ocr_carea' id='block_1_9' title="bbox 326 1824 1825 2099">
    <p class='ocr_par' dir='ltr' id='par_1_11' title="bbox 326 1824 1825 2099">
     <span class='ocr_line' id='line_1_18' title="bbox 326 1824 1823 1871; baseline -0.002 -9"><span class='ocrx_word' id='word_1_128' title='bbox 326 1828 431 1863; x_wconf 63' lang='lat' dir='ltr'>Wilh.</span> <span class='ocrx_word' id='word_1_129' title='bbox 449 1827 589 1871; x_wconf 76' lang='lat' dir='ltr'>Meyer,</span> <span class='ocrx_word' id='word_1_130' title='bbox 614 1826 708 1861; x_wconf 79' lang='lat' dir='ltr'>Abh-</span> <span class='ocrx_word' id='word_1_131' title='bbox 740 1840 785 1855; x_wconf 88' lang='lat'>=</span> <span class='ocrx_word' id='word_1_132' title='bbox 818 1826 1073 1860; x_wconf 84' lang='lat' dir='ltr'>commentatio</span> <span class='ocrx_word' id='word_1_133' title='bbox 1108 1826 1278 1860; x_wconf 84' lang='lat' dir='ltr'>Guilelmi</span> <span class='ocrx_word' id='word_1_134' title='bbox 1310 1826 1439 1870; x_wconf 82' lang='lat' dir='ltr'>Meyer,</span> <span class='ocrx_word' id='word_1_135' title='bbox 1473 1835 1562 1870; x_wconf 87' lang='lat' dir='ltr'>quae</span> <span class='ocrx_word' id='word_1_136' title='bbox 1596 1824 1823 1860; x_wconf 71' lang='lat' dir='ltr'>inscribitur:</span> 
     </span>
     <span class='ocr_line' id='line_1_19' title="bbox 460 1881 1823 1928; baseline -0.001 -10"><span class='ocrx_word' id='word_1_137' title='bbox 460 1881 619 1927; x_wconf 80' lang='lat' dir='ltr'>‘Anfang</span> <span class='ocrx_word' id='word_1_138' title='bbox 645 1883 718 1917; x_wconf 85' lang='lat' dir='ltr'>und</span> <span class='ocrx_word' id='word_1_139' title='bbox 744 1883 935 1928; x_wconf 87' lang='lat' dir='ltr'>Ursprung</span> <span class='ocrx_word' id='word_1_140' title='bbox 959 1883 1020 1917; x_wconf 89' lang='lat' dir='ltr'>der</span> <span class='ocrx_word' id='word_1_141' title='bbox 1045 1884 1109 1918; x_wconf 79' lang='lat' dir='ltr'>lat.</span> <span class='ocrx_word' id='word_1_142' title='bbox 1135 1894 1169 1916; x_wconf 92' lang='lat' dir='ltr'>u.</span> <span class='ocrx_word' id='word_1_143' title='bbox 1193 1883 1328 1927; x_wconf 81' lang='lat' dir='ltr'>griech,</span> <span class='ocrx_word' id='word_1_144' title='bbox 1355 1882 1599 1926; x_wconf 85' lang='lat' dir='ltr'>rythmischen</span> <span class='ocrx_word' id='word_1_145' title='bbox 1622 1882 1823 1925; x_wconf 80' lang='lat' dir='ltr'>Dichtung’</span> 
     </span>
     <span class='ocr_line' id='line_1_20' title="bbox 460 1939 1825 1985; baseline -0.002 -11"><span class='ocrx_word' id='word_1_146' title='bbox 460 1940 654 1983; x_wconf 82' lang='lat' dir='ltr'>(Abhandl.</span> <span class='ocrx_word' id='word_1_147' title='bbox 692 1940 754 1974; x_wconf 90' lang='lat' dir='ltr'>der</span> <span class='ocrx_word' id='word_1_148' title='bbox 791 1940 824 1974; x_wconf 90' lang='lat' dir='ltr'>k.</span> <span class='ocrx_word' id='word_1_149' title='bbox 858 1940 975 1985; x_wconf 83' lang='lat' dir='ltr'>bayer.</span> <span class='ocrx_word' id='word_1_150' title='bbox 1009 1940 1204 1974; x_wconf 88' lang='lat' dir='ltr'>Akademie</span> <span class='ocrx_word' id='word_1_151' title='bbox 1241 1940 1273 1974; x_wconf 91' lang='lat' dir='ltr'>d.</span> <span class='ocrx_word' id='word_1_152' title='bbox 1302 1939 1367 1983; x_wconf 87' lang='lat' dir='ltr'>W.‚</span> <span class='ocrx_word' id='word_1_153' title='bbox 1403 1940 1433 1975; x_wconf 90' lang='lat' dir='ltr'>I.</span> <span class='ocrx_word' id='word_1_154' title='bbox 1459 1939 1523 1982; x_wconf 85' lang='lat' dir='ltr'>CL,</span> <span class='ocrx_word' id='word_1_155' title='bbox 1560 1939 1677 1982; x_wconf 87' lang='lat' dir='ltr'><strong>XVII,</strong></span> <span class='ocrx_word' id='word_1_156' title='bbox 1711 1939 1825 1982; x_wconf 77' lang='lat'>1885).</span> 
     </span>
     <span class='ocr_line' id='line_1_21' title="bbox 460 1997 1824 2041; baseline -0.001 -10"><span class='ocrx_word' id='word_1_157' title='bbox 460 1998 629 2032; x_wconf 86' lang='lat' dir='ltr'>Eiusdem</span> <span class='ocrx_word' id='word_1_158' title='bbox 655 1998 727 2031; x_wconf 90' lang='lat' dir='ltr'>uiri</span> <span class='ocrx_word' id='word_1_159' title='bbox 754 1997 950 2032; x_wconf 74' lang='lat' dir='ltr'>doctissimi</span> <span class='ocrx_word' id='word_1_160' title='bbox 977 1997 1188 2041; x_wconf 82' lang='lat' dir='ltr'>ubicumque</span> <span class='ocrx_word' id='word_1_161' title='bbox 1213 2008 1339 2032; x_wconf 89' lang='lat' dir='ltr'>nomen</span> <span class='ocrx_word' id='word_1_162' title='bbox 1364 1998 1506 2031; x_wconf 81' lang='lat' dir='ltr'>tantum</span> <span class='ocrx_word' id='word_1_163' title='bbox 1524 1997 1739 2032; x_wconf 84' lang='lat' dir='ltr'>lectionibus</span> <span class='ocrx_word' id='word_1_164' title='bbox 1764 1997 1824 2031; x_wconf 84' lang='lat' dir='ltr'>ad-</span> 
     </span>
     <span class='ocr_line' id='line_1_22' title="bbox 454 2053 1823 2099; baseline -0.001 -10"><span class='ocrx_word' id='word_1_165' title='bbox 454 2055 563 2096; x_wconf 84' lang='lat' dir='ltr'>iunxi,</span> <span class='ocrx_word' id='word_1_166' title='bbox 591 2066 630 2089; x_wconf 82' lang='lat' dir='ltr'>ea</span> <span class='ocrx_word' id='word_1_167' title='bbox 655 2054 771 2096; x_wconf 85' lang='lat' dir='ltr'>affero,</span> <span class='ocrx_word' id='word_1_168' title='bbox 806 2065 894 2099; x_wconf 84' lang='lat' dir='ltr'>quae</span> <span class='ocrx_word' id='word_1_169' title='bbox 919 2065 979 2098; x_wconf 90' lang='lat' dir='ltr'>per</span> <span class='ocrx_word' id='word_1_170' title='bbox 1003 2054 1145 2088; x_wconf 76' lang='lat' dir='ltr'>litteras</span> <span class='ocrx_word' id='word_1_171' title='bbox 1169 2064 1304 2089; x_wconf 86' lang='lat' dir='ltr'>mecum</span> <span class='ocrx_word' id='word_1_172' title='bbox 1324 2053 1519 2089; x_wconf 73' lang='lat' dir='ltr'>liberaliter</span> <span class='ocrx_word' id='word_1_173' title='bbox 1536 2055 1823 2089; x_wconf 81' lang='lat' dir='ltr'>communicauit.</span> 
     </span>
    </p>
   </div>
   <div class='ocr_carea' id='block_1_10' title="bbox 319 2123 943 2159">
    <p class='ocr_par' dir='ltr' id='par_1_12' title="bbox 319 2123 943 2159">
     <span class='ocr_line' id='line_1_23' title="bbox 319 2123 943 2159; baseline -0.002 -2"><span class='ocrx_word' id='word_1_174' title='bbox 319 2134 347 2157; x_wconf 89' lang='grc'>5.</span> <span class='ocrx_word' id='word_1_175' title='bbox 374 2136 409 2158; x_wconf 82' lang='lat' dir='ltr'>u.</span> <span class='ocrx_word' id='word_1_176' title='bbox 437 2124 459 2159; x_wconf 83' lang='grc' dir='ltr'>Ζ.</span> <span class='ocrx_word' id='word_1_177' title='bbox 486 2138 528 2153; x_wconf 85' lang='lat'><strong><em>=</em></strong></span> <span class='ocrx_word' id='word_1_178' title='bbox 555 2124 629 2158; x_wconf 89' lang='lat' dir='ltr'>sine</span> <span class='ocrx_word' id='word_1_179' title='bbox 655 2124 756 2157; x_wconf 79' lang='lat' dir='ltr'>uaria</span> <span class='ocrx_word' id='word_1_180' title='bbox 782 2123 943 2157; x_wconf 84' lang='lat' dir='ltr'>lectione.</span> 
     </span>
    </p>
   </div>
  </div>
 </body>
</html>
