1934 3278
319 279 355 307 ΙΙ

320 391 463 433 offerre
497 390 682 441 Christo,
723 402 819 432 suae
852 389 998 432 salutis
1039 390 1209 443 auctori,
1243 389 1410 442 scripsit
1442 389 1697 430 mediocri
1729 402 1828 430 ser-

319 472 461 501 mone
494 460 643 512 quasi
675 471 828 500 uersu
862 458 1057 500 aduersus
1079 470 1273 511 paganos.
1307 458 1360 498 Et
1382 457 1477 511 quia
1498 469 1643 510 parum
1667 458 1828 499 nostra-

318 541 411 570 rum
464 528 671 583 adtigerat
722 528 982 576 litterarum,
1034 528 1168 580 magis
1219 526 1389 568 illorum
1441 526 1649 568 destruere
1694 527 1830 579 potuit

320 598 517 650 dogmata
549 609 674 650 quam
707 597 848 638 nostra
879 596 1059 638 firmare.
1110 596 1228 638 Vnde
1262 597 1304 638 et
1337 596 1385 637 de
1418 596 1571 637 diuinis
1603 596 1829 648 repromis-

319 666 504 708 sionibus
537 667 735 707 aduersus
769 665 865 706 illos
901 677 1027 719 agens
1069 665 1172 706 uili
1214 664 1315 706 satis
1358 665 1400 706 et
1442 676 1638 719 crasso,
1687 667 1733 706 ut
1772 666 1831 706 ita

318 735 504 786 dixerim,
538 747 697 776 sensu
729 734 938 784 disseruit,
971 733 1056 775 illis
1089 735 1315 788 stuporem,
1349 733 1463 774 nobis
1496 734 1829 786 desperationem

318 805 536 846 incutiens.
598 803 1000 845 Tertullianum
1050 804 1089 843 et
1136 802 1474 843 Lactantium
1522 803 1562 843 et
1609 801 1830 856 Papiam

319 876 506 915 auctores
549 874 715 914 secutus
757 872 958 914 moralem
1000 883 1096 913 sane
1135 871 1365 913 doctrinam
1398 874 1438 913 et
1471 870 1650 913 maxime
1682 871 1830 913 uolun-

318 942 448 984 tariae
478 941 736 995 paupertatis
770 953 955 983 amorem
987 941 1142 993 optime
1173 942 1413 993 prosecutus
1457 940 1724 982 studentibus
1766 941 1831 981 in-

319 1012 523 1053 culcauit.⁷

378 1091 492 1133 Haec
523 1091 736 1145 aliquanto
767 1091 960 1144 pauciora
991 1093 1099 1141 sunt,
1134 1102 1257 1143 quam
1291 1102 1396 1143 quae
1426 1102 1593 1132 noscere
1626 1090 1674 1131 de
1708 1088 1831 1132 Com-

318 1161 508 1202 modiano
541 1161 740 1214 uelimus;
785 1162 826 1201 et
857 1159 1022 1201 utinam
1054 1172 1101 1200 ea
1131 1160 1236 1212 ipsa,
1268 1171 1370 1212 quae
1403 1158 1640 1201 Gennadius
1672 1171 1827 1201 memo-

316 1229 402 1271 riae
444 1229 601 1283 prodit,
649 1228 786 1270 omnia
827 1241 927 1270 uera
968 1228 1035 1269 uel
1071 1230 1182 1270 certa
1215 1230 1373 1270 essent!
1437 1228 1547 1280 Quae
1581 1229 1747 1282 quidem
1780 1229 1828 1269 de

318 1298 555 1340 auctoribus
589 1297 702 1348 dicit,
735 1309 835 1351 quos
868 1300 1032 1339 secutus
1063 1297 1382 1339 Commodianus
1415 1297 1484 1351 sit,
1518 1310 1563 1339 ea
1594 1298 1704 1339 haud
1735 1310 1830 1351 par-

317 1381 415 1410 uam
446 1369 615 1409 mouent
648 1366 966 1409 dubitationem.

375 1448 427 1490 Et
460 1461 505 1490 ex
536 1448 729 1501 Papiae
770 1447 889 1490 libris
922 1448 1012 1489 tam
1043 1448 1217 1502 exiguae
1249 1448 1470 1501 supersunt
1511 1448 1730 1503 reliquiae,
1770 1450 1829 1501 ut,

318 1529 421 1570 quae
464 1517 746 1559 intercesserit
787 1517 896 1559 inter
937 1517 1053 1558 illius
1096 1522 1137 1559 et
1171 1517 1456 1560 Commodiani
1489 1517 1616 1560 libros
1649 1518 1829 1559 necessi-

317 1587 432 1641 tudo,
479 1599 561 1628 non
592 1586 677 1628 iam
714 1587 843 1639 possis
885 1586 1152 1641 inuestigare.
1214 1587 1275 1628 De
1317 1587 1647 1629 Tertulliano
1688 1587 1831 1640 utique

316 1667 462 1696 uerum
493 1655 601 1696 uidit
633 1655 887 1699 Gennadius.
949 1655 1009 1697 At
1048 1656 1389 1697 Lactantium
1432 1656 1568 1697 aetate
1601 1667 1684 1697 non
1719 1655 1830 1709 prio·
1883 1691 1888 1697 .

315 1736 415 1777 rem,
447 1727 494 1765 ut
525 1724 598 1766 ille
630 1725 818 1778 putabat,
851 1725 920 1765 sed
952 1725 1220 1777 posteriorem
1244 1724 1541 1766 Commodiano
1569 1725 1696 1767 fuisse
1721 1738 1831 1767 nunc

317 1795 486 1846 quidem
517 1795 684 1835 tantum
716 1806 797 1835 non
828 1793 937 1834 inter
968 1805 1109 1835 omnes
1133 1795 1312 1836 constat.
1360 1795 1484 1836 Error
1506 1794 1711 1837 Gennadii
1734 1794 1829 1837 inde

317 1863 484 1904 uidetur
524 1862 736 1916 profectus
781 1874 890 1913 esse,
939 1864 1046 1915 quod
1084 1864 1125 1905 et
1158 1862 1482 1905 Commodianus
1515 1864 1556 1904 et
1588 1864 1830 1906 Lactantius

318 1945 363 1972 ex
396 1931 549 1972 eisdem
581 1932 765 1973 fontibus
799 1931 1040 1980 hauserunt,
1075 1944 1251 1985 quorum
1283 1932 1462 1974 sontium
1495 1933 1685 1986 princeps
1708 1935 1831 1986 atque

317 2001 561 2054 praecipuus
603 1999 831 2054 Cyprianus
872 2000 953 2042 fuit
973 1999 1020 2054 9).
1084 2000 1220 2042 Huius
1253 2001 1465 2055 uestigiis,
1508 2002 1551 2043 id
1583 2004 1689 2055 quod
1721 2001 1828 2044 Gen-

317 2070 491 2111 nadium
510 2068 710 2122 fugiebat,
735 2068 1078 2111 Commodianum
1110 2070 1328 2124 pedisequi
1351 2071 1472 2111 modo
1505 2070 1710 2112 institisse
1741 2083 1831 2112 cer-

317 2138 531 2179 tissimum
564 2138 638 2179 est.

377 2220 478 2261 Post
497 2219 703 2262 Gennadii
726 2221 912 2275 tempora
935 2223 982 2263 de
1007 2220 1300 2263 Commodiano
1320 2223 1429 2274 apud
1446 2222 1666 2274 scriptores
1689 2233 1830 2263 rursus

321 2289 454 2331 altum
493 2293 553 2331 est
591 2290 828 2340 silentium3
875 2290 1006 2332 nihilo
1038 2293 1181 2332 tamen
1213 2292 1340 2332 setius
1374 2291 1509 2332 medio
1541 2291 1648 2343 quod
1680 2290 1832 2332 dicitur

319 2371 420 2400 aeuo
464 2358 651 2400 carmina
692 2359 778 2400 eius
823 2360 1050 2401 identidem
1093 2359 1445 2402 describebantur.
1514 2359 1565 2400 Et
1613 2359 1831 2412 conplures

318 2439 458 2468 eorum
494 2428 654 2470 codices
687 2429 868 2470 aetatem
900 2429 1102 2477 tulerunt,
1137 2440 1310 2482 quorum
1342 2441 1435 2481 pars
1467 2440 1549 2469 non
1581 2428 1640 2469 ita
1670 2428 1829 2481 pridem

320 2496 486 2537 uidetur
512 2496 678 2550 perisse.
728 2497 1046 2551 Typograpbica
1077 2500 1217 2538 autem
1241 2498 1327 2539 arte
1358 2497 1528 2538 inuenta
1560 2510 1654 2538 cum
1685 2497 1829 2550 ingens

320 2566 508 2606 exortum
552 2570 660 2607 esset
703 2567 913 2608 certamen
959 2568 1007 2608 ad
1050 2566 1177 2608 libros
1220 2569 1261 2608 et
1303 2566 1569 2608 classicorum
1613 2567 1654 2607 et
1702 2566 1828 2606 eccle-

320 2634 585 2676 siasticorum
628 2636 876 2688 scriptorum
920 2636 1029 2689 typis
1071 2635 1373 2689 inprimendos,
1423 2634 1740 2677 Commodianus
1780 2634 1829 2676 ob

321 2704 515 2755 nimiam,
570 2704 733 2758 opinor,
786 2707 827 2745 et
875 2706 1075 2746 sermonIs
1119 2705 1160 2746 et
1207 2716 1403 2746 uersuum
1447 2704 1714 2758 asperitatem
1761 2703 1830 2744 diu

320 2772 478 2812 nemini
511 2773 725 2814 doctorum
758 2773 907 2827 dignus
944 2773 1059 2814 uisus
1094 2776 1167 2824 est,
1202 2773 1272 2827 qui
1306 2773 1507 2815 ederetur.

377 2898 402 2940 2)
426 2895 479 2931 Cf.
505 2906 537 2939 p.
565 2897 652 2932 1111.
