1934 3278
298 283 381 325 330
956 280 1152 314 Luciferi

298 409 407 463 apud
458 408 759 450 Mediolanium
810 407 919 448 Arrii
964 407 1219 448 haereticam
1272 407 1521 448 sententiam
1572 407 1802 448 noluissent

298 479 508 527 damnare,
543 476 592 518 de
625 476 799 517 concilio
831 476 948 517 iratis
982 475 1128 517 animis
1154 476 1367 517 exierunt?
1397 476 1543 517 horum
1576 476 1612 516 si
1643 475 1803 517 fas.est

296 546 512 589 sententiis
549 546 671 599 quale
715 545 768 586 sit
809 545 879 585 aut
919 544 1019 598 quid
1057 545 1210 586 habeat
1249 545 1514 586 commodare
1553 558 1800 587 consensum

296 615 485 669 aequitas
518 614 559 655 et
590 613 813 655 clementia
843 614 917 654 tua
953 613 1106 666 poterit
1147 613 1383 654 aestimare.
1427 626 1505 655 non
1547 614 1610 655 est
1646 626 1800 655 nouum

295 683 405 738 quod
436 696 541 724 nunc
581 682 789 723 subtiliter
822 682 863 722 et
894 683 968 723 sub
1001 682 1217 723 occasione
1250 681 1426 723 nominis
1464 680 1681 723 Athanasii
1722 681 1798 722 ad·
1838 701 1854 725 5

291 753 532 805 temptatur,
565 751 735 792 manent
763 750 931 791 litterae
963 750 1189 792 Alexandri
1227 750 1407 804 episcopi
1445 750 1544 792 olim
1576 750 1628 792 ad
1660 749 1798 791 Silue-

292 822 424 862 strum
464 820 633 861 sanctae
676 819 901 860 memoriae
934 818 1181 868 destinatae,
1230 820 1378 872 quibus
1420 818 1657 872 significant
1704 819 1798 860 ante

292 888 594 931 ordinationem
625 887 844 929 Athanasii
876 887 1070 928 undecim
1100 888 1187 928 tam
1220 887 1482 942 presbyteros
1515 900 1639 940 quam
1671 887 1798 928 etiam

291 958 499 1007 diacones,
524 956 633 1010 quod
655 956 765 997 Arrii
786 957 1001 998 haeresem
1021 956 1305 1009 sequerentur,
1338 969 1381 998 se
1406 956 1585 997 ecclesia
1608 956 1795 1006 eiecisse,

291 1039 338 1068 ex
361 1026 509 1079 quibus
531 1038 637 1066 nunc
663 1025 833 1078 quidam
857 1025 972 1066 extra
1005 1025 1227 1067 ecclesiam
1259 1024 1511 1066 catholicam
1542 1025 1641 1066 foris
1672 1024 1796 1078 positi
1818 1040 1850 1065 ιο

246 1093 249 1097 ⁴
290 1096 483 1137 dicuntur
515 1095 592 1136 sibi
625 1094 905 1135 conciliabula
934 1094 1157 1145 inuenisse,
1192 1094 1340 1147 quibus
1364 1093 1636 1135 adseueratur
1669 1093 1795 1135 etiam

290 1163 495 1217 Georgius
526 1163 567 1204 in
599 1162 852 1204 Alexandria
882 1175 954 1216 per
989 1162 1154 1204 litteras
1186 1163 1506 1204 communicare.
1551 1174 1656 1215 quae
1697 1173 1794 1215 ergo

285 1233 424 1287 potest
459 1245 538 1286 pax
571 1244 683 1282 esse,
724 1231 1067 1284 tranquillissime
1108 1231 1345 1284 imperator,
1386 1231 1421 1273 si
1461 1231 1652 1273 exhibitis
1702 1230 1793 1283 epi-

286 1302 413 1356 scopi,
454 1302 501 1342 ut
544 1313 651 1341 nunc
683 1314 755 1354 per
786 1300 953 1342 Italiam
984 1301 1141 1342 factum
1175 1301 1250 1351 est,
1283 1301 1485 1355 cogantur
1514 1300 1663 1341 talium
1695 1311 1792 1341 sen-

281 1371 420 1412 lentiis
454 1369 679 1411 oboedire?
1813 1380 1845 1405 15

344 1440 499 1492 Accipe
519 1438 646 1489 aliud,
670 1438 767 1492 quia
783 1438 1066 1491 tranquillitas
1086 1439 1161 1480 tua
1179 1438 1386 1492 patienter
1402 1438 1597 1480 admittit.
1621 1439 1791 1480 manent
1820 1444 1822 1446 ’

281 1508 521 1562 'negatorum
550 1507 717 1548 litterae
751 1507 819 1560 qui
853 1507 906 1547 ad
946 1506 1212 1548 clementiam
1250 1507 1366 1548 tuam
1398 1507 1561 1549 fuerant
1593 1507 1791 1549 destinati

283 1589 388 1630 quae
420 1589 549 1630 nuper
588 1576 804 1627 uenerunt,
847 1576 995 1630 quibus
1027 1576 1265 1630 significant
1303 1576 1470 1630 propter
1507 1577 1789 1619 turbationem

283 1645 450 1698 quidem
503 1645 686 1686 omnium
734 1644 1007 1686 ecclesiarum
1058 1657 1102 1686 se
1150 1645 1318 1698 quidem
1370 1646 1464 1686 ante
1517 1646 1788 1687 succumbere

281 1713 496 1755 sententiis
530 1713 793 1755 orientalium
815 1713 1012 1763 uoluisse,
1047 1714 1311 1768 proposuisse
1331 1714 1472 1755 tamen
1495 1714 1786 1763 conditionem,
1808 1723 1842 1748 2⁰

280 1784 338 1833 ut,
380 1782 414 1824 si
444 1782 558 1824 idem
588 1782 698 1824 Arrii
729 1783 944 1824 haeresem
977 1783 1336 1833 condemnassent,
1369 1784 1445 1824 hoc
1477 1794 1628 1836 genere
1663 1782 1787 1838 <es>-

280 1850 424 1906 se(nt>
473 1850 660 1892 inclinati
693 1864 834 1892 eorum
874 1851 1090 1892 sententiis
1123 1851 1327 1893 oboedire.
1377 1851 1592 1905 placitum,
1632 1852 1678 1893 ut
1708 1851 1786 1904 ipsi

280 1919 529 1973 significant,
572 1919 778 1972 scriptura
808 1920 917 1961 teste
957 1920 1157 1961 firmatur.
1204 1920 1287 1961 itur
1317 1920 1358 1961 in
1391 1920 1627 1970 concilium,
1670 1921 1784 1962 acci-

278 1988 396 2041 piunt
427 2000 522 2029 cum
555 1988 854 2030 deliberatione
885 2001 1083 2042 responsa
1114 1989 1222 2029 Arrii
1257 1989 1488 2030 doctrinam
1520 2002 1563 2031 se
1588 1989 1785 2031 damnare

278 2070 356 2098 non
397 2069 530 2110 posse,
571 2056 859 2107 Athanasium,
894 2057 1003 2110 quod
1046 2057 1179 2099 solum
1221 2058 1452 2111 exigebant,
1494 2060 1782 2100 communione
1804 2073 1837 2099 2⁵

279 2138 369 2167 esse
400 2125 661 2178 priuandum.
686 2126 778 2166 hinc
800 2126 883 2167 iam
907 2126 1130 2167 clementia
1150 2127 1224 2167 tua
1246 2127 1322 2167 hoc
1347 2139 1509 2180 quoque
1533 2127 1782 2177 consideret,

275 2195 388 2235 recte
411 2194 646 2235 catholicae
668 2194 881 2248 religionis
902 2195 991 2236 iure
1015 2195 1182 2236 seruato
1207 2208 1255 2235 an
1278 2195 1456 2236 hominis
1478 2208 1607 2237 causa
1630 2196 1786 2238 debeat·

277 2263 497 2316 diligenter
530 2275 783 2316 excusseque
814 2263 998 2304 tractari.

344 2399 360 2432 1
391 2400 475 2443 aput
568 2399 804 2434 mediolanum
825 2411 840 2433 r
934 2399 1125 2434 her***cani
1219 2399 1413 2433 uoluissent
1436 2401 1486 2434 Vv
1582 2400 1603 2433 2
1621 2399 1779 2434 damnari

869 2450 877 2461 ,Ι

272 2467 358 2508 fort.
454 2468 575 2501 amnis
668 2467 688 2501 3
714 2469 867 2502 sententi
888 2469 983 2502 »11310
1079 2468 1333 2513 (1111(1ξ***1***»«
1347 2468 1565 2503 commodare
1661 2469 1777 2514 quales

272 2536 343 2569 sint
369 2538 430 2569 aut
457 2536 622 2580 quidquid
647 2536 803 2570 habeant
827 2537 915 2579 fort.
1010 2538 1030 2570 4
1056 2515 1198 2571 chama
1290 2538 1432 2571 stiinare
1527 2538 1547 2570 5
1572 2548 1662 2572 1111110
1688 2539 1775 2572 Lat.

271 2596 304 2626 et
331 2593 464 2636 Coust„
491 2598 534 2628 1ιό
565 2595 615 2628 Vv
715 2593 877 2628 athanasi
993 2595 1013 2628 8
1040 2595 1210 2639 psbiteros
1327 2595 1347 2628 9
1373 2594 1536 2628 diaconos
1563 2595 1684 2629 Coust‘.

271 2659 309 2681 ex
338 2651 483 2683 ecclesia
508 2651 596 2693 fort.
693 2650 735 2684 13
761 2651 922 2685 exhibitis
950 2651 1085 2695 Coust„
1113 2651 1256 2685 exssibiti
1286 2652 1325 2695 V,
1352 2662 1417 2685 om.
1446 2663 1463 2685 υ
1488 2652 1529 2685 in
1554 2655 1658 2686 teaetu
1685 2653 1775 2695 (non

269 2706 309 2738 in
334 2707 448 2750 notis)
476 2711 511 2741 et
535 2708 729 2742 Barom'us
835 2709 878 2742 16
904 2708 990 2742 aliut
1095 2708 1275 2752 pacienter
1381 2708 1423 2742 18
1450 2718 1513 2752 que
1606 2708 1775 2742 turbaeti-

269 2785 369 2807 onem
477 2776 520 2809 20
545 2778 780 2820 proposuisset
805 2790 847 2812 m.
875 2782 893 2812 1
1011 2778 1052 2812 21
1081 2778 1370 2822 condempnasset
1479 2780 1596 2812 essent
1627 2778 1773 2823 scripsi,

268 2842 303 2864 se
336 2832 396 2874 Vv,
423 2843 487 2866 orn.
516 2833 639 2867 Coust.
757 2835 801 2868 22
833 2835 1015 2869 obedirent
1042 2836 1165 2870 δοκεῖ.
1258 2835 1302 2869 23
1328 2836 1508 2869 consilium
1614 2835 1657 2869 25
1683 2846 1772 2869 com-

265 2900 426 2933 1111111101ιέ
454 2890 491 2934 ee
587 2901 629 2935 27
656 2904 771 2936 rectae
867 2904 909 2937 28
936 2904 1124 2948 diligenn*
1146 2904 1151 2948 Ι
