1934 3278
1634 257 1720 287 XIII

216 368 472 422 plementum
519 379 652 421 neque
701 367 924 421 cogitando
970 379 1103 421 neque
1146 368 1366 410 scribendo
1410 368 1507 422 addi
1547 381 1720 412 necesse

216 437 299 487 est3
345 450 440 479 nam
478 450 519 480 es
563 437 720 480 habens
764 437 944 490 insuper
987 436 1099 479 idem
1140 437 1205 479 est
1235 436 1346 490 quod
1376 437 1552 491 insuper
1581 437 1717 488 habeS,

214 507 240 547 i.
275 519 308 548 e.
349 505 551 560 neglegis,
598 505 829 548 contemnis
869 517 920 547 ea
957 505 1122 548 scilicet
1168 517 1275 559 quae
1314 506 1356 547 te
1394 505 1627 556 hortantur,
1673 508 1721 548 ut

214 576 282 626 44,
316 576 382 625 17,
414 575 511 621 201,
547 575 597 618 18
630 575 672 616 et
704 575 770 625 73,
801 574 841 626 4,
880 574 951 617 ubi
991 574 1217 628 legendum
1262 586 1443 628 propono
1483 588 1718 627 numquam

210 645 396 698 profecto
443 644 609 697 Moysis
652 656 789 685 uocem
840 642 933 699 (in)
943 655 1070 696 super
1111 642 1375 694 habuissent;
1431 654 1527 684 nam
1571 655 1717 695 super-

213 713 362 755 habere
405 712 518 754 idem
563 712 706 754 ualere
753 724 833 753 non
880 711 1057 753 constat.
1090 736 1146 742 —
1176 710 1244 762 52,
1278 711 1305 752 2
1350 711 1559 753 obsederat
1603 712 1717 753 enim

212 782 336 835 tilius
370 782 487 825 Ader
515 794 590 823 reoe
620 780 872 824 Samariam
902 805 957 812 -
986 781 1188 822 iactitans
1218 781 1321 823 adeo
1360 782 1578 833 tamquam
1608 780 1717 822 nihil

212 864 254 894 se
284 851 429 894 habere
449 850 688 905 Israelitas,
721 852 770 891 ut
798 863 934 892 unum
963 862 1004 892 se
1034 849 1243 892 hominem
1274 862 1437 892 omnem
1471 849 1715 892 multitudi-

213 934 308 962 nem
338 919 639 961 Israelitarum
669 922 984 972 superaturum.
1041 918 1223 961 crederet
1265 918 1338 960 aut
1367 919 1521 961 diceret
1558 918 1718 960 addunt

213 988 350 1031 Coleti
397 987 641 1043 asyndetum
682 987 723 1029 et
753 991 799 1030 ut
839 987 892 1029 ad
935 987 1169 1041 exemplum
1217 988 1359 1041 graeci
1406 987 1463 1037 ὡς
1508 986 1592 1029 dici
1636 1000 1716 1030 non

211 1057 517 1111 intellegentes.
550 1056 662 1098 idem
694 1068 793 1098 uero
824 1056 928 1098 mihi
961 1056 1116 1098 accidit
1145 1056 1186 1097 in
1219 1056 1345 1098 simili
1369 1056 1557 1110 exemplo
1588 1056 1656 1107 58,
1690 1058 1716 1099 3

211 1126 419 1180 numquid
457 1125 557 1180 leyis
595 1126 644 1167 in
674 1125 774 1167 bello
804 1125 931 1168 illum
961 1126 1164 1179 interisse,
1205 1128 1259 1167 ut
1298 1126 1448 1178 aliqua
1477 1126 1718 1168 ualitudine

207 1195 579 1249 praeyrauatum?
630 1195 672 1236 et
720 1194 762 1236 in
809 1194 940 1236 altero
986 1194 1098 1248 quod
1148 1207 1227 1236 non
1278 1194 1339 1236 ita
1389 1194 1601 1236 diuersum
1653 1195 1717 1237 est

211 1263 279 1314 28,
317 1264 372 1306 23
410 1265 505 1317 quis
540 1264 729 1306 discimus
767 1267 856 1305 tam
897 1263 1049 1306 stultus
1089 1267 1159 1319 est,
1199 1266 1248 1306 ut
1284 1264 1392 1306 nolit
1426 1265 1475 1306 in
1514 1277 1556 1307 se
1594 1264 1715 1306 deum

211 1333 464 1388 inhabitare,
517 1334 606 1387 qui
659 1333 768 1375 nolit
817 1346 858 1375 se
907 1336 1114 1386 receptum
1163 1348 1191 1375 a
1240 1334 1315 1375 deo
1363 1334 1557 1386 reputari
1604 1334 1718 1375 inter

211 1415 277 1444 eos
325 1415 427 1455 quos
471 1404 584 1456 filios
634 1402 851 1456 appellare
896 1403 1100 1457 diynatus
1144 1405 1214 1453 est,
1264 1405 1320 1445 ut
1363 1415 1448 1444 non
1495 1402 1636 1457 fugiat
1680 1406 1717 1445 {e

212 1472 469 1513 inmundum
511 1485 588 1525 per
633 1471 837 1514 haeresim
881 1475 1000 1513 tuam
1045 1471 1269 1524 effectum?
1319 1483 1415 1513 cum
1454 1475 1528 1513 aut
1565 1484 1715 1525 propo-

210 1551 373 1587 nerem3
425 1540 500 1582 sed
546 1541 722 1594 utroque
766 1540 860 1583 loco
909 1540 1167 1596 asyndetum,
1218 1541 1348 1583 altero
1394 1540 1487 1583 loeo
1533 1541 1715 1582 uarietas

210 1608 445 1650 structurae
485 1621 610 1662 quam
651 1609 831 1650 maxime
864 1609 1032 1651 affectat
1064 1610 1133 1665 (cf.
1166 1610 1249 1651 ind.
1282 1623 1320 1663 p.
1353 1610 1455 1662 378)
1495 1610 1711 1651 toleratur.

208 1702 263 1707 —
295 1677 363 1728 65,
409 1678 438 1718 4
486 1678 577 1720 illic
626 1677 736 1720 hane
785 1679 980 1731 consequi
1030 1678 1345 1720 desideraturus
1396 1679 1497 1734 (eris
1559 1678 1713 1720 addere

210 1745 360 1798 uolui),
393 1746 466 1788 ubi
497 1746 609 1788 nihil
640 1748 721 1789 eris
746 1750 919 1800 praeter
940 1748 1228 1789 cruciamenta
1253 1750 1530 1800 percepturus
1553 1761 1714 1801 poena-

210 1827 317 1857 rum.
350 1815 426 1856 hoc
461 1815 569 1857 enim
602 1815 760 1869 ellipsis
790 1828 922 1870 genus
962 1816 1003 1858 in
1035 1816 1253 1870 participio
1286 1816 1411 1858 futuri
1444 1817 1596 1870 ubique
1628 1817 1713 1858 fre-

210 1889 400 1941 quentari
434 1889 526 1931 aliis
560 1890 759 1944 exemplis
791 1890 957 1932 constat
989 1890 1057 1940 61,
1083 1891 1147 1933 18.
1182 1891 1275 1941 122,
1301 1891 1365 1933 13.
1392 1891 1455 1933 15.
1478 1891 1544 1932 23.
1568 1891 1664 1941 264,
1689 1891 1715 1931 5

211 1962 253 2003 et
273 1961 357 2004 ind.
382 1976 420 2016 p.
443 1964 560 2017 360).
587 1991 635 1995 —
663 1966 758 2016 150,
787 1965 839 2007 16
870 1968 917 2006 tu
947 1968 1094 2007 contra
1125 1978 1219 2007 cum
1250 1968 1289 2007 et
1315 1966 1440 2019 sidem
1469 1965 1607 2008 tollere
1638 1980 1712 2007 uo-

210 2030 338 2075 lueris
367 2031 418 2074 de
449 2033 641 2076 cordibus
662 2033 920 2087 populorum
945 2033 1013 2075 dei
1043 2036 1082 2076 et
1104 2034 1338 2088 perfidiam
1368 2037 1485 2075 tuam
1515 2034 1711 2086 inserere,

210 2113 303 2142 cum
333 2101 543 2143 iustitiam
582 2102 675 2160 (in)
712 2103 778 2145 dei
817 2104 885 2145 uis
915 2104 1087 2145 eeclesia
1119 2104 1229 2157 fieri,
1266 2107 1313 2145 ut
1343 2103 1490 2145 absens
1520 2106 1555 2145 et
1587 2104 1713 2144 inno-

210 2182 305 2211 cens
348 2170 576 2213 damnetur
619 2175 656 2213 et
693 2171 767 2229 (a)
813 2172 1003 2214 iustitiae
1047 2172 1325 2224 sectatoribus,
1368 2186 1447 2225 per
1482 2174 1535 2225 (et
1557 2185 1639 2225 per
1668 2174 1708 2224 v)

210 2237 440 2280 sacerdotes
463 2239 681 2292 puniatur
701 2240 972 2283 consacerdos
993 2254 1148 2294 eorum,
1177 2241 1377 2294 quomodo
1399 2241 1538 2282 uideri
1556 2242 1712 2292 poteris

210 2319 297 2348 non
327 2319 410 2349 esse
439 2309 741 2351 exterminator
773 2323 964 2363 pascuae
995 2310 1200 2351 dominici
1233 2310 1408 2363 qreyis?
1458 2309 1609 2350 uocula
1651 2310 1710 2352 in.

210 2388 337 2429 quam
367 2389 516 2419 manus
546 2389 629 2419 rec,
661 2379 757 2431 post
787 2379 855 2421 uis
876 2378 1066 2428 inseruit,
1099 2378 1194 2431 post
1214 2379 1425 2419 iustitiam
1447 2391 1494 2419 eo
1516 2377 1711 2419 libentius

211 2443 367 2494 addidi,
416 2445 527 2498 quod
565 2446 606 2487 in
639 2446 673 2487 V
715 2447 881 2489 iustitia
922 2446 1057 2488 exstat
1103 2447 1227 2500 atque
1266 2447 1477 2488 iustitiam
1513 2447 1608 2500 fieri
1638 2458 1710 2499 pro

209 2513 410 2555 damnari
442 2513 525 2555 dici
557 2514 722 2567 putaui;
765 2528 898 2569 neque
929 2516 1017 2556 tum
1050 2515 1150 2556 mihi
1184 2514 1373 2568 exempla
1405 2514 1575 2556 ablatiui
1614 2527 1708 2555 eum

209 2581 348 2623 uerbis
394 2582 573 2635 passiuis
620 2584 830 2625 coniuncti
876 2584 1043 2637 praesto
1091 2583 1208 2625 erant
1257 2583 1325 2637 (ef.
1368 2596 1406 2637 p.
1447 2582 1562 2636 351).
1627 2583 1708 2623 iam

209 2650 426 2693 lenissima
455 2653 688 2695 mutatione
711 2653 870 2695 codicis
893 2654 1121 2707 scripturas
1145 2653 1290 2695 teneo:
1323 2655 1374 2695 cii
1393 2651 1703 2707 iniustitia<m)

209 2718 278 2760 dei
309 2720 377 2761 uis
406 2721 576 2762 ecclesia
605 2722 700 2775 fieri
731 2724 780 2762 ut
809 2721 955 2763 absens
983 2724 1021 2762 ct
1060 2722 1261 2763 innocens
1279 2720 1505 2762 damnetur
1525 2723 1561 2761 et
1582 2720 1707 2760 iusti-

212 2787 294 2828 tiae
330 2789 611 2832 sectatoribus.
665 2801 812 2843 nempe
851 2789 893 2830 id
934 2801 1142 2831 summum
1175 2789 1405 2831 Constantii
1444 2788 1597 2829 crimen
1631 2787 1706 2829 est.

210 2855 258 2895 ut
288 2855 564 2899 Athanasium
596 2870 669 2911 per
693 2858 907 2911 episcopos
938 2859 963 2899 i.
988 2871 1022 2899 e.
1055 2870 1128 2911 per
1158 2857 1290 2911 ipsam
1315 2856 1534 2898 ecelesiam
1556 2855 1707 2897 iniuste
