1934 3278
723 240 972 285 Epistulae.
1513 242 1595 286 321

93 366 190 410 culo
223 378 411 408 crescere
435 365 582 420 potuit,
615 366 732 408 tanto
755 366 911 408 sanctis
935 366 1227 409 sacerdotibus
1248 366 1436 421 praemia
1455 366 1595 410 laudis

94 435 360 478 inueniuntur
401 434 600 477 conferre.
664 434 797 477 estote
834 435 976 488 itaque
1021 435 1071 477 de
1108 435 1381 489 promissione
1422 436 1597 479 caelesti

96 504 244 554 securi,
279 504 321 545 et
351 503 449 557 quia
469 502 741 556 proximiores
766 502 867 545 estis
892 502 969 545 deo
993 503 1142 555 effecti,
1165 503 1316 545 uestris
1340 503 1595 547 orationibus

94 585 161 614 me
202 573 390 614 uestrum
431 571 779 614 consacerdotem
818 570 1022 613 famulum
1065 571 1132 614 dei
1163 571 1217 614 ad
1248 571 1461 614 dominum
1493 574 1595 615 sub-

59 641 248 691 ⁵1euate,
281 641 327 682 ut
358 639 704 694 superuenientes
734 639 930 694 impetus,
972 640 1041 694 qui
1082 640 1133 682 de
1165 640 1234 682 die
1274 640 1316 682 in
1348 641 1458 683 diem
1499 654 1595 684 cum

96 709 390 752 annuntiantur
436 708 634 763 grauiora
682 708 858 750 uulnera
901 708 1114 763 infligunt,
1165 708 1442 752 tolerabiliter
1486 709 1594 752 ferre

94 778 315 832 possimus,
363 777 410 819 ut
448 777 652 820 inuiolata
692 776 775 819 fide
815 777 933 820 saluo
975 777 1089 819 statu
1121 777 1327 820 ecclesiae
1360 778 1594 821 catholicae

93 858 235 901 parem
266 846 385 889 uobis
418 845 612 900 dignetur
643 858 710 888 me
734 845 925 888 dominus
949 845 1128 888 efficere.
1162 846 1205 888 et
1224 846 1324 900 quia
1344 845 1465 901 cupio
1487 859 1595 901 quae

93 915 215 969 gesta
247 915 344 957 sunt
374 915 415 957 in
447 915 540 969 ipsa
571 914 864 969 congressione
895 914 1063 958 fidelius
1084 914 1206 967 scire,
1239 916 1412 958 obsecro
1434 915 1594 958 sancti-

43 991 76 1017 10
92 982 223 1025 tatem
254 983 453 1035 uestram,
500 983 698 1025 uniuersa
727 983 908 1026 fideliter
938 983 1091 1027 litteris
1128 983 1321 1026 intimare
1354 983 1594 1038 dignemini,

93 1051 140 1093 ut
161 1050 496 1094 additamentum
518 1052 656 1095 maius
676 1053 747 1095 uel
770 1052 858 1106 ipse
883 1053 1044 1095 animus
1067 1052 1138 1107 qui
1161 1052 1339 1095 diuersis
1359 1053 1595 1096 rumoribus

93 1120 304 1162 cruciatur
334 1120 405 1162 uel
435 1120 546 1163 uires
578 1120 762 1175 corporis
803 1120 935 1175 ipsius
966 1133 1073 1176 quae
1102 1120 1188 1163 iam
1220 1121 1467 1164 extenuatae
1499 1122 1596 1164 sunt

93 1187 145 1230 de
176 1189 460 1231 cohortatione
492 1189 635 1231 uestra
665 1189 825 1243 possint
856 1189 1024 1232 sentire.
1090 1191 1144 1245 [et
1173 1190 1267 1232 alia
1296 1190 1446 1246 manu]
1491 1189 1596 1233 deus

91 1268 167 1299 uos
198 1256 428 1299 incolumes
461 1257 686 1310 custodiat,
721 1258 874 1300 domini
907 1258 1070 1300 fratres.

42 1597 74 1632 1'5
803 1599 881 1642 ΙΙΙ.

246 1690 586 1746 FLORENTII
609 1690 698 1746 AD
723 1690 1086 1746 LVGIFERVM
1110 1691 1431 1747 EPISTVLA.

340 1832 503 1859 DOMINO
525 1833 824 1860 BENIGNISSIMO
846 1832 1048 1860 LVCIFERO
1068 1833 1336 1861 FLOREN‘ITVS.

144 1909 319 1952 Nomine
348 1910 422 1953 tuo
454 1908 643 1953 codicem
676 1909 846 1963 quidam
879 1909 1044 1953 domino
1077 1910 1119 1952 et
1141 1910 1319 1965 augusto
1350 1910 1491 1954 nostro
1513 1912 1590 1955 ob-

86 1978 205 2027 tulit3
227 1979 335 2021 hunc
360 1978 413 2020 ad
435 1978 703 2021 sanctitatem
723 1978 841 2040 tuam
856 1978 1030 2033 perferri
1045 1978 1264 2021 mandauit
1281 1979 1324 2021 et
1338 1991 1590 2034 cognoscere

37 2062 71 2091 α)
89 2046 312 2098 desiderat,
345 2046 380 2089 si
410 2046 523 2089 idem
556 2046 688 2090 codex
721 2059 746 2089 a
773 2047 816 2090 te
849 2046 1084 2090 destinatus
1106 2047 1173 2090 sit.
1204 2047 1249 2090 id
1271 2059 1383 2102 ergo,
1417 2048 1529 2103 quod
1548 2048 1590 2092 in

87 2114 169 2157 fide
199 2115 289 2158 ueri
329 2115 405 2164 est,
451 2115 710 2170 perscribere
751 2115 922 2159 debebis
962 2116 1004 2158 et
1043 2115 1233 2159 codicem
1274 2116 1504 2169 remittere,
1543 2117 1592 2160 ut

86 2183 217 2237 possit
248 2184 485 2226 aeternitati
518 2184 607 2227 eius
640 2184 774 2227 denuo
807 2185 955 2228 offerri.

153 2308 175 2342 9
200 2308 453 2353 congressione]
481 2309 752 2354 congregatione
776 2309 868 2345 Bar.
1015 2309 1058 2344 13
1082 2310 1198 2345 uerba
1230 2311 1266 2345 et
1291 2309 1361 2346 alia
1385 2320 1491 2344 manu
1514 2321 1589 2345 non

85 2364 279 2399 scribentis
305 2374 381 2399 esse
401 2367 527 2409 patet,·
559 2365 671 2399 huius
696 2365 887 2401 clausulae
911 2366 987 2401 loco
1010 2366 1194 2412 lleywntur
1226 2367 1331 2412 apud
1356 2367 1591 2402 Ferrerium:

85 2419 168 2455 deus
192 2422 228 2455 te
252 2421 458 2456 incolumem
482 2421 670 2460 custodiat.
697 2421 835 2456 domine
867 2422 976 2457 frater
1007 2422 1225 2458 charissime:
1249 2423 1335 2458 item
1367 2423 1443 2468 ipse
1468 2425 1504 2458 et
1520 2424 1589 2458 mei

85 2487 215 2512 memor
239 2488 315 2513 esse
341 2477 494 2524 digneris

153 2568 211 2605 ΙΠ.
237 2570 350 2605 Hanc
376 2571 576 2616 epistulam
601 2582 711 2616 quam
737 2571 983 2606 Constantius
1000 2572 1204 2618 imperator
1228 2572 1403 2616 Luciferi
1420 2572 1527 2608 libris
1544 2572 1589 2608 de

88 2624 122 2660 S.
141 2627 352 2662 Athanasio
369 2628 529 2672 acceptis
554 2629 670 2663 scribi
694 2629 808 2663 iussit
832 2633 866 2663 et
891 2629 1055 2673 reliquas
1072 2629 1187 2664 codem
1209 2630 1244 2665 V
1262 2629 1326 2672 fol.
1352 2631 1424 2665 162
1448 2639 1499 2675 sq.
1523 2629 1589 2665 hoc

86 2694 215 2730 ordine
228 2696 370 2731 exhibet
462 2706 606 2732 ntcn‘rr
623 2707 803 2733 nrtsrou
819 2707 1004 2733 nonnum
1022 2706 1070 2732 u)
1087 2686 1270 2733 Lucnrim‘t'x
1286 2706 1497 2734 EPIscortm

83 2749 127 2784 21
154 2750 298 2788 debebis
322 2765 354 2794 v.
380 2752 490 2788 debeo
515 2754 544 2789 is
575 2754 609 2789 V

152 2908 258 2946 11111.
1405 2914 1443 2948 21
