1934 3278
334 287 416 327 246
992 286 1186 321 Luciferi

335 427 498 456 omnem
537 414 896 467 conyreqationem
931 413 1118 467 fitiorum
1150 415 1289 456 Israel
1318 418 1354 456 et
1386 415 1590 456 miserunt
1620 416 1667 456 in
1699 429 1836 458 carce-

336 496 434 532 rem,
467 485 511 523 ut
544 496 610 524 eos
641 482 903 524 adducerent.
942 485 1148 524 uenerunt
1180 486 1318 524 autem
1349 483 1553 533 ministri,
1585 487 1622 525 et
1652 498 1738 525 non
1768 485 1837 525 in-

335 554 542 593 uenerunt
564 551 660 593 illos
680 552 727 592 in
750 564 967 600 carcerem,
1000 554 1034 592 et
1056 552 1231 606 reqressi
1262 554 1616 594 renuntiauerant
1638 552 1840 595 dicentes.-

337 621 537 673 quoniam
570 633 775 661 carcerem
807 620 973 672 quidem
1005 620 1196 662 clausum
1227 621 1471 662 inuenimus
1502 621 1551 661 in
1582 622 1697 663 omni
1735 621 1838 662 dili-

336 689 479 743 gentia
501 692 537 731 et
558 689 742 730 custodes
763 691 921 730 stantes
949 689 997 729 in
1030 689 1189 740 ianua‚·
1220 703 1312 731 cum
1343 689 1654 741 aperuissemus
1685 693 1836 742 autem,
1875 702 1891 728 5

339 758 545 800 neminem
575 759 694 799 intus
724 758 978 799 inuenimus.
1022 761 1068 798 ut
1100 761 1238 799 autem
1271 758 1504 800 audierunt
1532 758 1605 800 lios
1636 772 1841 801 sermones

331 827 554 880 principes
596 829 631 867 et
666 826 862 879 pontifex
902 827 1182 879 sacerdotum,
1230 826 1495 868 haesitabant
1527 828 1574 869 de
1615 827 1703 869 illis
1740 828 1841 881 quid

342 895 448 937 illud
469 898 579 936 esset.
611 895 842 937 adueniens
874 898 1015 936 autem
1046 896 1219 948 quidam
1252 897 1519 937 renuntiauit
1549 897 1644 937 illis
1675 897 1842 939 dicens:

338 978 423 1006 ecce
453 964 542 1005 uiri
573 977 671 1017 quos
697 964 900 1016 posuistis
930 964 979 1005 in
1011 965 1199 1006 custodia
1231 965 1279 1005 in
1311 964 1460 1017 tempto
1493 969 1592 1006 suut
1621 968 1779 1007 stantes
1806 969 1843 1007 et

339 1034 527 1075 docentes
564 1033 782 1085 poputum.
837 1035 935 1073 tunc
967 1032 1072 1073 abiit
1100 1033 1302 1085 princeps
1334 1047 1426 1075 cum
1457 1035 1668 1075 ministris
1698 1038 1737 1076 et
1765 1035 1842 1076 ad·
1863 1044 1894 1070 10

340 1102 463 1143 duxit
492 1101 607 1155 illos,
639 1115 726 1143 non
758 1115 852 1142 cum
882 1102 929 1142 ui
940 1114 955 1153 ;
1001 1102 1201 1143 timebant
1232 1103 1383 1144 etenim
1405 1103 1614 1156 populum
1645 1117 1696 1145 ne
1728 1104 1841 1157 lapi-

339 1171 557 1212 darentur.
591 1183 682 1211 cum
706 1172 846 1211 autem
868 1170 1146 1211 adduxissent
1168 1184 1244 1223 eos,
1276 1174 1515 1212 statuerunt
1536 1172 1585 1213 in
1606 1172 1841 1223 concilium,

339 1242 375 1279 et
404 1239 684 1292 interroyauit
715 1251 780 1280 eos
811 1239 1005 1280 sacerdos
1042 1239 1210 1281 dicens:
1257 1239 1575 1281 denuntiatione
1614 1240 1843 1281 denuntia-

342 1309 483 1349 uimus
529 1307 644 1349 uobis
684 1322 735 1349 ne
776 1308 972 1349 doceretis
1013 1308 1058 1348 in
1102 1308 1174 1349 hoc
1214 1308 1405 1359 nomine,
1454 1312 1491 1349 et
1531 1322 1616 1350 ecce
1655 1308 1846 1361 replestis

341 1377 610 1418 Hierusalem
641 1378 834 1419 doctrina
865 1381 1006 1419 uestra
1038 1380 1076 1419 et
1105 1378 1239 1418 uultis
1271 1377 1465 1418 inducere
1497 1391 1623 1430 super
1644 1391 1719 1419 nos
1741 1390 1842 1419 san·
1864 1390 1895 1416 15

338 1447 511 1500 quinem
548 1446 731 1488 hominis
771 1446 902 1488 illius.
956 1447 1209 1499 respondens
1241 1450 1381 1488 autem
1413 1446 1566 1488 Petrus
1597 1449 1633 1488 et
1665 1446 1845 1499 apostoli

340 1515 541 1557 dicentes:
576 1518 720 1556 utrum
754 1515 938 1557 oboedire
968 1518 1122 1568 oportet
1153 1516 1224 1556 deo
1257 1530 1315 1556 an
1346 1516 1620 1557 hominibus?
1653 1516 1686 1556 si
1717 1515 1845 1568 igitur

343 1584 419 1625 deo
453 1585 516 1625 est
548 1584 853 1626 oboediendum
888 1585 928 1626 et
959 1598 1037 1626 non
1070 1584 1318 1635 hominibus,
1352 1597 1425 1626 cur
1456 1597 1529 1625 nos
1562 1585 1844 1633 contumaces,

342 1666 415 1694 cur
446 1665 520 1694 nos
550 1653 772 1694 iniuriosos
803 1666 945 1705 uocas,
979 1667 1082 1707 quos
1104 1654 1251 1695 uideas
1275 1654 1341 1695 dei
1365 1653 1559 1695 oboedire
1581 1653 1846 1707 praeceptis?

342 1723 559 1764 audientes
591 1726 730 1764 autem
761 1722 860 1764 haec
890 1724 1135 1778 fremebant,
1171 1723 1273 1764 dicit
1295 1723 1513 1776 scriptura„
1547 1725 1585 1764 et
1606 1722 1925 1776 coyitabantm-

341 1805 407 1833 eos
439 1792 630 1834 occidere.
679 1792 740 1833 ita
773 1793 813 1835 et
843 1793 888 1834 tu
918 1792 1073 1834 retines
1105 1805 1178 1833 nos
1210 1792 1251 1833 in
1283 1792 1508 1833 custodias.
1542 1791 1748 1833 minitaris
1778 1791 1844 1832 in-

341 1860 553 1910 tefficere,
593 1861 689 1914 quia
722 1861 778 1902 sis
812 1874 858 1903 eo
892 1862 1086 1903 obsessus
1119 1861 1266 1914 spiritu
1298 1873 1377 1914 quo
1410 1861 1521 1913 capti
1555 1860 1846 1902 detinebantur

343 1929 490 1970 Iudaei
533 1929 657 1982 atque
700 1930 947 1971 detinentur.
1002 1931 1036 1972 si
1077 1943 1155 1972 non
1196 1943 1242 1971 eo
1283 1929 1429 1983 captus
1467 1929 1666 1970 inmundo
1700 1929 1846 1982 spiritu

345 1997 565 2039 detineris.
614 2011 687 2040 cur
727 2011 800 2040 nos
839 1999 1033 2052 prohibes
1073 1998 1261 2040 confiteri
1302 2011 1347 2039 ac
1388 1998 1632 2051 praedicare
1680 1998 1848 2039 unicum

345 2066 411 2109 dei
449 2067 610 2108 filiurn?
667 2068 838 2121 angelus
882 2068 947 2109 dei
987 2068 1220 2121 producens
1261 2067 1469 2120 apostolos
1510 2079 1558 2108 ex
1599 2066 1848 2107 Iudaeorum
1866 2071 1897 2097 2⁵

344 2136 740 2189 condesperatorum
771 2137 938 2179 tuorum
970 2149 1161 2179 carcere:
1194 2138 1261 2186 ite,
1295 2137 1429 2178 docete
1463 2137 1509 2177 'in
1540 2136 1695 2187 templo
1721 2135 1848 2177 uerba

347 2205 460 2246 uitae
492 2205 641 2258 liuius;
678 2205 719 2247 et
749 2206 795 2247 tu
826 2206 979 2249 tollens
1013 2206 1253 2248 sacerdotes
1287 2206 1337 2246 de
1370 2204 1551 2247 ecclesia
1583 2203 1649 2245 dei
1680 2204 1721 2244 in
1754 2215 1848 2244 car-

347 2287 487 2316 cerem
518 2275 757 2317 coiciendos
788 2276 959 2330 putasti,
992 2288 1042 2317 ne
1074 2274 1413 2328 praedicaremus
1444 2274 1619 2315 uerbum
1651 2272 1776 2313 uitae.

403 2344 558 2385 XVIII.
593 2344 759 2386 Interea
792 2357 861 2386 oro
892 2344 934 2385 te
966 2344 1233 2397 respondeas,
1268 2343 1368 2396 quid
1401 2342 1454 2384 sit
1483 2343 1592 2384 inter
1616 2342 1659 2383 te
1687 2342 1727 2382 et
1749 2354 1847 2383 con-

349 2413 554 2454 scotinum
585 2414 725 2456 tuum.
775 2427 898 2467 quem
929 2426 1051 2455 uerso
1092 2413 1234 2455 ordine
1268 2412 1517 2454 Sirmienses
1554 2411 1708 2452 uocant
1738 2410 1849 2451 Pho·
1867 2419 1898 2445 80

347 2482 513 2523 tinum?
559 2482 658 2535 quid
688 2482 865 2532 intersit,
902 2482 1001 2535 quid
1036 2481 1162 2523 distet
1193 2480 1353 2534 rogaris
1386 2479 1632 2532 distinguas.
1688 2490 1784 2519 ecce
1817 2477 1851 2518 si

485 2643 529 2675 20
553 2643 630 2676 Act.
658 2643 689 2676 5.
717 2642 761 2675 33
855 2641 898 2675 26
924 2641 971 2675 ib.
998 2642 1030 2683 5,
1057 2641 1100 2675 ⁴20

420 2792 440 2824 3
467 2801 602 2824 carcere
630 2803 648 2825 i·
744 2791 761 2823 7
789 2790 960 2834 principes
986 2789 1158 2833 principes
1184 2799 1227 2821 m.
1254 2790 1271 2821 1
1370 2785 1411 2819 12
1437 2787 1637 2819 statuerunt
1664 2795 1720 2818 cos
1748 2796 1765 2818 z-

348 2849 391 2882 15
417 2848 612 2882 doctrinam
638 2860 681 2882 m.
701 2851 719 2882 1
816 2847 857 2881 17
876 2847 1036 2881 dixerunt
1058 2845 1287 2880 Gallandius
1383 2844 1424 2877 19
1451 2843 1506 2876 dei
1532 2854 1560 2876 s.
1588 2843 1608 2876 I.
1636 2853 1680 2876 m.
1700 2842 1763 2876 alt.

347 2907 388 2941 21
425 2905 633 2940 ministraris
728 2905 770 2938 26
797 2905 844 2939 ite
871 2904 984 2948 inquit
1002 2904 1089 2945 fort.
1186 2902 1230 2935 30
1256 2901 1493 2945 Sniyrnicnscs
1519 2911 1539 2933 z*
1632 2897 1780 2932 fotinum
