1934 3278
291 334 346 376 56
936 329 1132 364 Luciferi

291 458 453 512 septem
495 457 623 500 annis.
684 460 721 499 et
758 456 976 507 dormiant,
1015 455 1149 509 inquit
1189 454 1407 508 seriptum,
1450 454 1655 497 Ezechias
1693 469 1786 496 eum

282 527 482 580 patribus
513 527 614 578 suis,
646 528 686 567 et
713 524 900 578 sepultus
942 528 999 567 est
1029 526 1077 566 in
1108 526 1281 567 ciuitate
1319 524 1478 578 Dauid,
1521 527 1556 565 et
1586 524 1788 577 reynauit

288 597 518 637 Manasses
547 594 668 648 filius
699 594 790 636 eius
813 608 898 647 pro
930 608 987 636 eo.
1022 607 1117 635 oum
1148 596 1247 635 esset
1279 607 1351 634 rex
1373 593 1548 634 sedecim
1570 606 1786 634 annorum

289 664 518 705 Manasses
539 676 631 704 oum
652 665 857 716 reynaret‚
880 665 919 703 et
939 662 1253 715 quinquaqinta
1275 665 1424 715 septem
1442 662 1574 703 annis
1590 661 1788 715 reynauit

290 733 335 773 in
368 731 651 784 Hierusalem,
685 734 721 772 et
751 744 902 773 nomen
940 734 1031 773 erat
1062 731 1215 772 matris
1246 731 1335 772 eius
1365 730 1560 772 Ebsibas.
1623 734 1660 772 et
1688 731 1790 784 feeit

289 801 400 853 quod
431 802 667 855 maliynum
697 804 754 844 est
785 804 883 843 ante
904 805 1166 855 conspectum
1187 801 1350 842 domini
1372 800 1602 842 seeundum
1632 799 1786 841 abomi-

290 870 482 911 nationes
513 871 714 924 9entium‚
746 883 846 922 quos
877 871 995 912 eiecit
1026 870 1224 911 dominus
1245 883 1272 910 a
1293 869 1402 922 faeie
1423 868 1613 922 filiorum
1634 866 1787 910 Israel.

288 940 328 979 et
358 939 603 992 aediffieauit
633 938 790 980 excelsa
821 952 928 991 quae
958 939 1225 980 destruxerat
1256 937 1463 980 Ezechias
1490 940 1615 990 pater
1636 937 1786 991 ipsius,

291 1009 329 1047 et
360 1007 607 1059 aedificaui't
635 1008 878 1048 sacrarium
909 1007 1027 1049 Baal
1059 1010 1097 1049 et
1125 1008 1225 1060 feeit
1255 1007 1369 1048 lucos
1390 1007 1498 1048 siout
1516 1007 1618 1060 feeit
1641 1006 1787 1047 Achab

288 1088 364 1116 rex
395 1076 547 1127 Israel,
579 1078 618 1116 et
636 1075 835 1116 adorauit
858 1089 1018 1117 omnem
1049 1076 1251 1118 militiam
1283 1076 1389 1118 caeli
1420 1078 1456 1117 et
1482 1075 1662 1117 seruiuit
1684 1074 1785 1116 illis.

288 1146 326 1184 et
356 1143 600 1197 aedifioauit
631 1145 872 1186 sacrarium
903 1146 951 1186 in
982 1145 1141 1187 duobus
1172 1145 1345 1187 aedibus
1376 1146 1523 1187 domus
1553 1145 1718 1186 domini
1751 1147 1788 1186 et

287 1212 458 1253 induxit
487 1213 602 1266 filios
632 1226 728 1255 suos
759 1215 805 1255 in
838 1215 975 1268 ionem
1006 1217 1045 1256 et
1075 1215 1369 1268 auqurabatur
1400 1217 1437 1256 et
1457 1214 1556 1267 feeit
1579 1213 1787 1271 pythones

287 1283 325 1321 et
356 1281 529 1323 diuinos
560 1283 723 1336 multos,
771 1286 817 1324 ut
855 1285 1009 1336 faceret
1048 1284 1157 1336 quod
1195 1283 1434 1337 maliynum
1471 1286 1531 1324 est
1570 1284 1619 1324 in
1660 1282 1790 1324 oculis

289 1350 460 1390 animae
493 1363 606 1405 suae,
639 1355 685 1392 ut
707 1351 969 1394 exacerbaret
991 1353 1205 1394 dominum
1227 1353 1362 1394 deum.
1394 1355 1433 1394 et
1451 1352 1551 1404 feeit
1569 1351 1789 1404 sculptilia

286 1417 477 1459 lucorum
509 1433 614 1472 quae
643 1421 743 1472 feeit
773 1421 819 1461 in
850 1422 984 1475 domo,
1017 1434 1146 1473 quam
1176 1421 1286 1461 dixit
1317 1421 1515 1462 dominus
1548 1421 1604 1461 ad
1635 1420 1788 1461 Dauid

286 1489 327 1526 et
356 1488 412 1529 ad
444 1488 707 1530 Salomonem
737 1489 876 1543 filium
898 1490 1007 1530 eius:
1040 1491 1087 1530 in
1120 1489 1238 1531 domo
1272 1490 1355 1530 ista
1376 1493 1410 1530 et
1435 1490 1481 1530 in
1503 1488 1786 1540 Hierusalem,

287 1569 414 1607 quam
446 1557 547 1610 eleyi
579 1571 628 1599 ex
659 1558 850 1599 omnibus
881 1558 1070 1599 tribubus
1101 1558 1252 1612 Israel,
1280 1572 1438 1610 ponere
1469 1572 1620 1599 nomen
1651 1571 1787 1599 meum

288 1624 335 1663 in
367 1627 597 1678 aeternum,
632 1629 669 1666 et
702 1639 787 1666 non
810 1626 1023 1678 adponam
1041 1626 1191 1678 pedem
1212 1627 1259 1667 in
1283 1626 1419 1668 Israel
1442 1641 1605 1668 mouere
1626 1640 1653 1667 a
1676 1629 1789 1667 terra

289 1705 416 1744 quam
448 1694 555 1744 dedi,
588 1695 660 1736 sed
690 1695 727 1735 si
750 1695 966 1736 audierint
988 1708 1050 1735 nze
1067 1709 1146 1747 per
1170 1695 1328 1743 omnia,
1361 1709 1466 1748 quae
1489 1695 1696 1737 mandaui
1717 1695 1787 1748 cis,

289 1764 325 1801 et
357 1763 588 1803 secundum
622 1764 758 1817 leyem,
800 1777 927 1816 quam
958 1764 1187 1804 mandauit
1227 1764 1285 1805 eis
1310 1778 1424 1816 puer
1461 1777 1576 1805 meus
1608 1765 1786 1817 Moyses.

288 1832 326 1870 et
355 1843 442 1871 non
464 1831 702 1874 audierunt.
734 1835 770 1872 et
795 1832 997 1884 quoniam
1021 1832 1163 1873 aalide
1194 1836 1447 1885 aspernatus
1478 1836 1538 1874 est
1560 1833 1788 1873 ,Uaizasses

290 1903 325 1940 et
359 1902 527 1942 seduxit
558 1914 622 1942 eos
648 1901 889 1950 Manasses,
922 1903 969 1941 ut
988 1901 1177 1953 facerent
1196 1902 1304 1954 quod
1325 1901 1562 1955 maliynum
1584 1904 1643 1942 est
1663 1914 1790 1952 super

290 1982 433 2010 omnes
461 1973 600 2023 yentes
632 1983 738 2022 quas
770 1970 945 2011 abstulit
976 1970 1175 2011 dominus
1197 1985 1224 2011 a
1245 1970 1354 2022 facie
1375 1970 1526 2011 Israel.
1562 1974 1598 2010 et
1630 1971 1789 2011 loeutus

285 2040 344 2077 est
377 2037 572 2078 dominus
610 2039 657 2079 in
695 2052 828 2079 manu
853 2052 1088 2091 puerorum
1127 2052 1302 2080 suorum
1337 2039 1642 2091 prophetarum
1683 2053 1789 2091 quae

287 2106 387 2157 feeit
421 2106 649 2148 Manassis
688 2121 762 2148 rex
800 2108 914 2149 Iuda
951 2109 1198 2157 simulacra,
1239 2108 1468 2149 secundum
1500 2108 1645 2149 omnia
1681 2122 1787 2160 quae

285 2175 387 2226 feeit
418 2175 706 2217 Amorrhaeus
737 2177 810 2228 qui
840 2179 933 2217 erat
961 2179 1059 2217 ante
1089 2176 1241 2229 faciem
1280 2177 1380 2227 eius,
1424 2180 1462 2217 et
1484 2190 1659 2229 peecare
1689 2176 1789 2228 feeit

286 2242 408 2284 Iuda
439 2244 487 2284 in
519 2244 642 2284 idolis
672 2244 783 2295 suis;
821 2247 999 2297 propter
1038 2245 1110 2286 hoe
1156 2245 1259 2286 haee
1307 2245 1413 2286 dicit
1449 2245 1646 2285 dominus
1685 2245 1786 2285 deus

287 2311 457 2353 Israel:
504 2327 590 2355 εεεε
627 2327 696 2367 eyo
740 2315 901 2355 adduco
945 2315 1061 2355 mala
1102 2315 1150 2355 in
1190 2314 1461 2355 Hierusalem
1503 2316 1539 2353 et
1570 2314 1618 2353 in
1648 2313 1786 2364 Iuda,-

286 2394 430 2422 omnes
459 2382 533 2434 qui
565 2383 783 2424 audierint
813 2383 927 2436 liaeo,
975 2383 1195 2424 tinnibunt
1237 2396 1361 2424 aures
1398 2396 1540 2424 eorum
1573 2386 1784 2435 utraeque.

1825 739 1841 766 5

1810 1083 1842 1108 10

1809 1425 1841 1451 15

1808 1773 1841 1798 20

1807 2114 1840 2138 25

286 2453 322 2490 et
353 2451 575 2492 extendam
615 2452 661 2491 in
692 2451 965 2492 Hierusalem
1002 2465 1245 2493 mensuram
1281 2452 1507 2492 Samariae
1546 2454 1584 2492 et
1614 2452 1787 2504 pondus
1805 2458 1839 2482 30

285 2520 434 2559 domus
474 2519 618 2560 Achab
657 2523 694 2560 et
731 2520 891 2561 deleam
931 2520 1201 2561 Hierusalem
1242 2519 1589 2571 quemadmodum
1628 2519 1788 2561 deletur

426 2655 440 2687 1
470 2654 537 2688 1111
563 2655 646 2699 Reg.
675 2656 729 2698 20,
755 2656 795 2689 21
824 2677 867 2680 —
893 2656 947 2700 21,
979 2656 1018 2690 18

356 2768 367 2800 1
399 2767 519 2812 inquid
613 2769 743 2802 ezeeias
838 2768 858 2801 3
884 2779 1043 2802 manases
1140 2769 1157 2801 7
1185 2778 1267 2811 quos
1292 2768 1330 2807 V,
1360 2779 1442 2812 quas
1472 2780 1488 2802 z·
1583 2769 1695 2813 egecit

283 2827 304 2860 9
330 2826 435 2859 bahal
531 2826 567 2858 11
597 2825 730 2859 duabus
752 2827 865 2861 Coleti
959 2827 1001 2860 12
1020 2826 1188 2871 phytones
1286 2826 1327 2860 18
1354 2827 1389 2859 et
1413 2836 1482 2859 non
1508 2837 1535 2861 s,
1563 2826 1583 2859 l.
1609 2837 1652 2860 m.
1674 2830 1691 2859 1

285 2884 349 2917 alt.
375 2883 410 2916 in
436 2894 502 2917 om.
528 2883 755 2917 Gallandius
848 2882 889 2916 21
918 2882 1090 2916 audjerint
1114 2883 1182 2925 Vz·;
1208 2894 1269 2916 em.
1298 2882 1370 2915 Col.
1466 2882 1694 2926 adspernatus

285 2941 329 2974 23
355 2940 443 2984 facie
537 2940 579 2974 26
606 2951 778 2974 amorreus
