1934 3278
160 232 212 275 14
813 232 1015 266 Luciferi

216 358 286 399 VI.
310 357 480 399 Dixisti:
502 358 631 410 facite
644 371 796 411 pacem
817 371 911 399 cum
930 357 1133 409 episcopis
1154 359 1287 398 sectae
1308 370 1423 398 meae
1440 356 1664 408 Arrianis,

158 429 195 468 et
241 429 361 468 estote
393 427 438 467 in
475 440 630 480 unum3
679 426 721 467 et
754 425 856 467 dicit
897 425 963 466 dei
1002 424 1171 478 spiritus
1208 437 1281 478 per
1321 424 1587 467 Salomonem
1626 424 1668 465 in

160 494 418 536 Prouerbiis:
457 495 555 536 uias
586 495 816 548 impiorum
851 493 952 549 noli,
991 494 1079 534 noli
1108 493 1253 546 exequi
1283 507 1413 546 neque
1444 494 1668 535 aemuleris

160 563 280 605 uiam
310 563 566 618 iniquorum,
598 563 647 604 in
678 575 930 615 quocumque
967 562 1049 604 loeo
1088 563 1314 604 exercitum
1354 561 1664 614 constituerint,

162 645 212 673 ne
250 632 527 684 superuenias
563 631 677 674 illue.
738 631 903 674 declina
944 634 1084 673 autem
1122 631 1173 673 ab
1204 645 1253 672 ea
1284 633 1321 672 et
1352 631 1540 686 demuta3
1582 644 1669 672 non

162 701 275 741 enim
305 699 527 751 dormient,
560 700 647 741 nisi
678 699 787 741 male
818 699 1017 752 feeerint;
1058 699 1225 740 ablatus
1266 702 1323 740 est
1354 700 1469 740 enim
1497 712 1670 740 somnus

162 768 214 809 ab
245 769 314 818 eis,
348 771 385 810 et
415 782 502 809 non
539 767 768 810 dormiunt.
829 767 873 808 hi
905 768 1018 809 enim
1055 767 1250 809 cibantur
1281 767 1381 809 cibis
1424 768 1670 821 impietatis,

162 837 266 878 uino
298 839 437 878 autem
470 837 613 889 iniquo
646 835 925 877 inebriantur.
987 849 1090 877 nam
1120 836 1218 877 uiae
1247 836 1454 877 iustorum
1476 835 1674 877 similiter

164 908 211 946 ut
243 905 317 947 lux
337 905 569 959 fulyebunt,
594 905 830 958 procedunt
850 908 889 947 et
911 905 1188 955 inluminant,
1212 905 1341 946 donee
1364 905 1549 959 corriyat
1571 905 1672 948 dies.

165 975 264 1016 uiae
296 977 435 1016 autem
466 975 697 1026 impiorum
719 973 966 1027 tenebrosae,
999 974 1193 1015 nesciunt
1214 975 1416 1026 quomodo
1439 974 1671 1025 offendunt.

167 1044 374 1097 quomodo
396 1043 615 1086 uobiscum
636 1042 823 1084 Arrianis
848 1042 1094 1084 societatem
1116 1042 1357 1095 poteramus
1375 1043 1544 1093 habere,
1578 1055 1674 1083 cum

169 1112 371 1153 adulteris
404 1112 690 1165 spiritalibus?
753 1111 823 1165 qui
856 1111 1057 1164 scriptum
1088 1111 1365 1153 retineamus:
1413 1110 1504 1153 noli
1535 1114 1571 1152 te
1603 1112 1674 1152 in-

169 1181 334 1222 tendere
363 1180 518 1233 fallaci
550 1181 743 1235 mulieri3
784 1182 864 1223 mel
903 1182 1017 1222 enim
1047 1180 1235 1222 distillat
1265 1195 1292 1222 a
1324 1181 1448 1222 labiis
1481 1180 1674 1222 mulieris

168 1250 412 1299 meretricis,
446 1263 551 1299 quae
582 1250 639 1291 ad
670 1253 830 1302 tempus
864 1249 1093 1302 inpinquat
1130 1249 1273 1301 fauces
1305 1252 1412 1298 tuas,
1453 1250 1678 1290 nouissime

169 1322 310 1360 autem
341 1319 534 1361 arnarius
564 1318 657 1371 felle
688 1318 878 1360 inuenies
909 1320 948 1358 et
978 1318 1145 1359 acutius
1177 1318 1315 1371 mayis
1346 1332 1474 1371 quam
1503 1319 1675 1372 yladius

169 1401 218 1428 ex
249 1391 427 1439 utraque
452 1390 578 1439 parte
618 1390 791 1438 aeutus‚·
835 1387 1084 1439 insipientes
1129 1389 1268 1427 autem
1298 1386 1428 1439 pedes
1469 1387 1679 1428 deducunt

170 1459 328 1498 utentes
359 1471 407 1498 ea
439 1470 533 1498 eum
563 1458 692 1500 morte
724 1456 781 1496 ad
812 1456 978 1508 inferos.
1028 1455 1103 1496 sed
1135 1455 1234 1508 quid
1258 1454 1364 1495 dicis
1386 1455 1488 1496 haec
1512 1456 1679 1509 propter

170 1526 308 1567 carnis
343 1525 550 1566 adulteria
583 1524 723 1568 dicta?
784 1524 819 1566 si
860 1524 1027 1577 propter
1067 1524 1203 1566 carnis
1239 1522 1447 1565 adulteria
1477 1536 1567 1565 esse
1602 1524 1679 1565 ad-

172 1594 299 1635 struis
330 1595 433 1635 haec
469 1594 595 1644 dicta,
630 1594 783 1647 quanto
823 1593 958 1646 magis
996 1592 1185 1646 fugiendi
1226 1605 1302 1634 uos
1336 1593 1436 1634 estis
1469 1593 1680 1646 spiritales

174 1662 365 1713 adulteri,
399 1676 449 1704 ne
482 1675 553 1715 per
585 1662 804 1704 Arrianam
826 1661 1033 1703 haeresim
1064 1662 1251 1703 uestram
1276 1661 1540 1703 meretricem
1564 1662 1681 1715 spiri-

171 1731 302 1772 talem
334 1732 437 1772 haec
473 1744 594 1784 super
626 1744 700 1772 nos
734 1743 839 1784 quae
874 1730 1067 1771 dicuntur
1107 1730 1304 1772 ueniant?
1365 1731 1487 1772 dulce
1529 1731 1682 1771 etenim

174 1800 425 1853 quibusdam
457 1800 624 1841 uidetur
657 1799 767 1852 quod
797 1799 875 1841 tibi
896 1799 985 1852 regi
1006 1800 1048 1840 in
1072 1799 1280 1841 amicitias
1302 1800 1527 1853 iungantur
1551 1800 1681 1841 susci-

174 1869 324 1921 piendo
357 1869 567 1910 haeresim
597 1868 728 1919 tuam,
763 1868 838 1909 sed
871 1868 1053 1910 amarius
1085 1868 1183 1909 selle
1217 1869 1391 1919 sensuri,
1425 1881 1520 1909 cum
1543 1869 1684 1910 tecum

174 1937 359 1990 torqueri
390 1938 431 1977 in
464 1937 712 1990 perpetuum
753 1936 966 1989 coeperint
1002 1936 1043 1977 in
1074 1936 1277 1990 perpetua
1307 1937 1497 1990 gehenna
1530 1937 1684 1978 sentire

177 2005 247 2058 qui
278 2006 420 2046 tecum
455 2018 546 2047 esse
580 2005 839 2058 delegerunt,
872 2005 972 2046 tunc
1006 2004 1185 2046 dicturit
1214 2019 1294 2047 uae
1324 2005 1441 2047 nobis
1474 2006 1547 2058 qui
1575 2005 1685 2047 Con-

176 2075 384 2115 stantium
425 2075 717 2126 imperatorem
755 2074 827 2115 deo
858 2075 1249 2127 praeposuerimus,
1311 2074 1534 2116 conuenire
1569 2075 1687 2117 nobis

180 2143 220 2182 et
252 2142 371 2183 uobis
404 2142 611 2195 quomodo
642 2142 863 2195 potuerat?
906 2155 1000 2184 cum
1031 2142 1137 2184 infra
1170 2143 1284 2184 dicat
1307 2143 1442 2187 adhuc
1467 2143 1686 2185 Salomon:

177 2211 257 2252 eice
287 2212 336 2252 de
367 2211 540 2253 oonsilio
557 2212 859 2263 pestilentiam,
891 2214 930 2253 et
959 2212 1064 2253 exiet
1086 2226 1178 2254 cum
1211 2211 1284 2253 illo
1307 2213 1527 2263 eontentio7
1552 2213 1615 2254 et:
1639 2227 1690 2255 ne

181 2280 374 2321 imitatus
411 2280 547 2332 fueris
578 2279 710 2321 malos
749 2280 868 2321 uiros
906 2294 1037 2333 neque
1077 2281 1281 2322 desideres
1320 2294 1403 2322 esse
1442 2294 1533 2323 eum
1576 2281 1687 2333 illis3

180 2348 295 2400 falsa
311 2349 423 2390 enim
445 2349 677 2391 meditatur
693 2362 761 2390 cor
779 2362 934 2400 eorum,
957 2352 994 2391 et
1007 2349 1165 2391 dolores
1182 2349 1298 2391 labia
1320 2362 1460 2390 eorum
1479 2349 1689 2402 locuntur,

319 2496 339 2529 3
364 2496 464 2531 Prou.
490 2497 521 2541 4,
550 2497 681 2531 14—19
812 2497 853 2530 13
879 2496 925 2531 ib.
951 2497 982 2538 5,
1009 2497 1097 2530 3—-5
1215 2497 1259 2531 28
1285 2496 1331 2531 ib.
1358 2496 1412 2537 22,
1441 2497 1482 2530 10
1577 2497 1620 2530 28
1646 2497 1692 2531 ib.

181 2553 237 2593 24,
266 2553 306 2586 12

253 2679 272 2710 5
299 2678 440 2712 demuta
465 2679 502 2718 V,
531 2678 649 2713 deuita
669 2691 685 2714 υ
784 2680 823 2714 12
841 2680 950 2714 nolite
968 2692 999 2721 v,
1026 2679 1074 2723 μὴ
1092 2679 1243 2723 πρόσεχε
1261 2679 1378 2713 LXX
1474 2679 1515 2713 14
1533 2679 1694 2723 inpingat

183 2748 227 2770 m.
253 2738 273 2769 1
416 2735 456 2769 16
483 2735 706 2779 insipientiae
741 2737 832 2771 coni.
862 2737 1064 2781 Latinius;
1098 2737 1163 2780 τῆς
1194 2736 1260 2780 γὰρ
1286 2735 1499 2779 ἀφροσύνης
1524 2735 1558 2768 οἱ
1584 2735 1693 2774 πόδες

184 2792 381 2835 κατάγουσι,
397 2792 483 2831 τοὺς
499 2793 706 2836 χρωμένους
721 2793 811 2839 αὐτῇ
827 2794 942 2829 LXX
1014 2794 1056 2828 19
1069 2793 1219 2838 fugienti
1234 2804 1277 2827 m.
1304 2795 1324 2827 1
1397 2792 1440 2826 22
1468 2792 1603 2836 quotibi

186 2850 229 2884 24
253 2849 410 2893 gehenne
505 2850 548 2884 28
574 2850 797 2894 pestilentem
824 2863 841 2885 v
935 2851 998 2885 illa
1025 2851 1112 2894 fort.
1207 2849 1251 2883 30
1275 2849 1492 2884 meditantur

1694 990 1727 1015 10

1698 1334 1729 1359 15

1701 1678 1734 1702 20

1706 2019 1739 2045 25

1710 2362 1743 2386 30
