1934 3278
469 251 522 285 De
548 260 618 283 non
644 249 818 294 parcendo
843 249 879 283 in
904 248 1005 283 deum
1032 249 1330 295 delinquentibus,
1573 235 1677 290 223⁴

149 380 189 420 et
216 377 435 431 respondit
464 378 553 430 reqi
582 376 757 418 uerbum
787 379 825 418 et
856 377 974 418 misit
1005 389 1082 419 rex
1102 376 1243 418 Iosi-as
1273 378 1312 418 et
1343 375 1506 429 colleyit
1535 375 1592 417 ad
1612 386 1656 416 se

149 458 290 488 omnes
322 446 586 499 presbyteros
621 445 737 487 Iuda
774 446 822 486 in
852 445 1137 487 Hierusalem.
1184 448 1224 487 et
1253 444 1444 487 ascendit
1484 457 1560 486 rea:
1597 443 1654 485 ad

149 516 368 558 dominum
397 517 438 556 et
465 526 604 556 omnes
634 514 723 556 uiri
743 513 860 556 Iuda
889 516 929 556 et
956 514 1190 556 sacerdotes
1219 516 1256 555 et
1280 513 1434 555 leuitae
1458 515 1494 555 et
1515 512 1654 554 omnis

146 584 330 638 populus
359 597 388 625 a
401 583 562 637 pusillo
592 595 722 635 usque
753 582 811 624 ad
840 583 1057 624 maiorem.
1093 585 1132 624 et
1162 582 1265 636 leqit
1294 594 1368 624 rex
1398 581 1447 623 in
1477 580 1656 623 auribus

113 665 130 689 5
145 653 294 706 populi
324 653 469 694 omnia
498 651 627 694 uerba
659 651 761 694 libri
788 652 1039 703 testamenti,
1072 652 1146 703 qui
1166 653 1368 693 inuentus
1387 653 1445 693 est
1465 651 1515 692 in
1534 650 1656 692 domo

148 723 331 765 domini.
379 725 416 762 et
446 721 561 762 stetit
588 734 663 763 rea:
693 720 750 761 ad
780 719 1019 762 columnam
1049 723 1087 761 et
1117 720 1326 773 disposuit
1362 721 1655 761 testamentum

150 792 261 844 quod
291 791 512 832 inuentum
543 792 603 831 est
633 790 682 830 in
712 788 831 830 domo
861 788 1027 830 domini
1057 791 1155 830 ante
1185 791 1445 841 conspectum
1473 787 1653 839 domini,

148 862 212 902 ire
236 862 335 913 post
363 859 583 902 dominum
614 861 651 900 et
682 857 904 900 obseruare
933 857 1144 899 mandata
1175 858 1266 899 eius
1283 860 1322 899 et
1345 857 1655 911 testificationes

148 932 187 970 ct
209 931 441 982 praecepta
469 928 559 969 eius
590 927 640 968 in
670 929 753 968 toto
783 926 904 967 corde
933 926 1024 967 eius
1053 927 1093 968 et
1131 928 1218 968 tota
1256 927 1428 980 anima,
1469 928 1654 968 statuere

98 1006 132 1032 1⁰
149 998 294 1039 omnia
323 997 453 1038 uerba
482 996 718 1038 testamenti
748 995 873 1036 istius
903 995 1064 1047 scripta
1095 994 1143 1036 in
1173 994 1277 1037 libro
1307 995 1400 1037 isto.
1445 998 1483 1036 et
1513 998 1654 1037 trans-

151 1067 232 1107 iuit
277 1066 416 1107 omnis
446 1065 635 1118 populus
673 1065 723 1106 in
760 1065 1053 1106 testamentum
1099 1064 1209 1116 quod
1244 1065 1452 1117 disposuit
1489 1077 1563 1105 rex
1603 1076 1654 1105 ex

151 1135 267 1177 libro.
313 1138 350 1176 et
380 1134 608 1175 mandauit
638 1146 714 1175 rex
745 1132 966 1176 Glielcliiae
1004 1133 1212 1175 sacerdoti
1249 1146 1403 1186 maqno
1439 1135 1478 1174 et
1516 1145 1654 1175 sacer-

148 1204 312 1246 dotibus
356 1203 623 1245 secundariis
659 1205 696 1243 et
734 1200 1061 1244 custodientibus
1091 1201 1268 1255 Epliod‚
1314 1205 1359 1243 ut
1399 1202 1576 1243 eicerent
1604 1201 1654 1243 de

149 1273 271 1314 domo
301 1272 463 1314 domini
494 1272 639 1312 onmia
679 1283 788 1312 uasa
824 1284 931 1323 quae
959 1271 1058 1323 fecit
1096 1271 1153 1312 ad
1183 1270 1334 1312 Bahal
1370 1273 1407 1312 et
1438 1270 1576 1312 Asera
1615 1272 1651 1311 ct

101 1355 132 1380 15
150 1342 265 1383 omni
294 1340 476 1383 militiae
505 1340 624 1383 caeli.
656 1342 694 1381 et
723 1339 941 1382 combussit
971 1339 1052 1382 illa
1080 1340 1199 1393 foras
1228 1343 1350 1382 extra
1381 1339 1652 1382 Hierusalem

150 1411 199 1452 in
219 1410 416 1452 incendio
438 1410 527 1451 riui
551 1409 730 1452 Cedron.
763 1412 800 1450 et
820 1409 1002 1461 sumpsit
1032 1409 1190 1451 cineres
1219 1409 1392 1451 illorum
1423 1412 1461 1451 et
1491 1408 1653 1462 sparsit

150 1480 198 1520 in
236 1480 379 1520 riuum
427 1481 466 1519 et
505 1478 612 1520 abiit
648 1479 698 1519 in
735 1477 897 1520 Bethel.
960 1481 997 1520 et
1034 1478 1247 1520 conbussit
1284 1478 1514 1520 sacerdotes
1551 1490 1654 1531 quos

151 1549 459 1590 constituerant
489 1560 603 1602 reyes
634 1548 793 1600 Iudae,
840 1550 889 1588 ut
927 1548 1200 1590 incenderent
1228 1547 1399 1589 excelsis
1429 1547 1653 1589 ciuitatum

151 1618 267 1660 Iuda
286 1620 323 1658 et
345 1618 457 1659 circa
480 1616 775 1667 Hierusalem
806 1615 1082 1657 incendebant
1102 1615 1267 1657 Bahali
1297 1618 1334 1656 et
1364 1615 1441 1656 soli
1471 1618 1509 1656 et
1529 1615 1656 1656 lunae

99 1707 133 1731 ρο
152 1689 189 1728 et
220 1687 336 1728 omni
366 1686 550 1728 milit-iae
582 1686 700 1728 caeli.
751 1687 790 1726 et
825 1684 1064 1727 extulerunt
1102 1685 1151 1726 de
1182 1684 1300 1726 domo
1337 1684 1502 1725 dom-ini
1538 1684 1657 1737 foras

151 1758 272 1796 extra
293 1754 565 1796 Hierusalem
596 1755 646 1795 in
675 1754 822 1795 riuum
855 1752 1029 1807 cedron,
1062 1756 1100 1795 et
1129 1753 1378 1795 extenuauit
1406 1752 1587 1794 cinerem
1616 1754 1653 1792 et

146 1825 325 1877 proiecit
368 1824 419 1866 in
463 1826 781 1865 monumentum
823 1822 1011 1875 filiorum
1052 1821 1198 1875 plebis.
1245 1824 1282 1863 et
1319 1821 1507 1863 extraxit
1539 1819 1651 1874 filios

151 1893 324 1935 illorum
354 1893 428 1946 qui
458 1895 582 1934 erant
612 1892 661 1933 in
690 1891 812 1934 domo
843 1891 1020 1945 domini,
1053 1904 1233 1944 quorum
1263 1890 1460 1932 muliere-s
1490 1889 1652 1943 officia-

150 1961 306 2003 bantur
335 1961 395 2003 ibi
425 1962 482 2003 ad
511 1960 652 2002 stolas.
699 1962 735 2001 et
766 1959 1006 2002 introduxit
1037 1972 1177 2001 omnes
1208 1959 1437 2002 sacerdotes
1467 1972 1516 2001 esc
1545 1959 1654 2001 ciui-

97 2049 132 2075 25
150 2030 308 2072 tatibus
345 2029 459 2072 Iuda
496 2032 535 2072 et
575 2029 870 2082 coinquinauit
900 2031 1065 2082 sancta,
1097 2029 1167 2070 ubi
1198 2028 1478 2071 incendebant
1516 2040 1655 2070 sacer-

149 2100 264 2141 dotes
297 2099 472 2152 Ayabae
501 2110 632 2152 usque
661 2098 711 2139 de
742 2097 928 2148 Rasabe,
970 2100 1009 2139 et
1038 2097 1225 2139 detraxit
1253 2097 1431 2140 excelsos
1466 2096 1650 2148 illorum,

151 2169 194 2210 et
224 2168 350 2209 infra:
391 2171 427 2210 et
457 2168 752 2221 coinquinauit
783 2166 915 2209 Pliem
947 2167 1057 2219 quod
1094 2169 1187 2208 erat
1215 2166 1265 2208 in
1302 2166 1512 2219 Cepenan,
1552 2179 1655 2218 quo-

151 2238 272 2279 niam
310 2237 603 2290 perduxerunt
647 2238 820 2290 quisque
864 2236 1005 2289 filium
1044 2249 1168 2277 suum
1207 2238 1244 2278 et
1281 2235 1422 2288 filiam
1450 2247 1574 2276 suam
1604 2234 1651 2273 in

150 2308 246 2360 iyne
279 2304 459 2349 Moloch.
490 2329 555 2350 m
590 2308 822 2358 posuerant
857 2317 974 2359 reyes
1016 2304 1131 2347 Iuda
1167 2303 1247 2345 soli
1281 2304 1334 2344 ab
1363 2303 1545 2345 introitu
1574 2302 1649 2344 do-

285 2420 327 2454 27
355 2419 420 2454 1111
447 2420 529 2464 Reg.
556 2419 611 2457 23.
641 2419 773 2453 10—16

219 2537 237 2570 7
256 2538 309 2571 est
327 2547 392 2572 om.
415 2548 432 2570 ι·
540 2536 581 2570 10
607 2535 737 2569 scribta
842 2534 884 2568 13
909 2516 1061 2569 eicerent
1185 2534 1228 2568 ‘26
1254 2545 1274 2568 a
1300 2533 1355 2578 (de
1380 2533 1508 2575 foleti)
1543 2532 1656 2568 Gabal

150 2605 257 2639 usque
282 2594 457 2629 Bersabee
482 2595 582 2636 fort„
616 2592 687 2626 ἀπὸ
716 2591 847 2637 Γαιβὰλ
872 2591 931 2625 καὶ
956 2591 1026 2630 ἕως
1052 2592 1235 2636 Βηρσαβεέ
1261 2590 1376 2626 LXX
1490 2589 1534 2624 29
1558 2601 1657 2634 posu-

151 2652 261 2697 erant]
288 2651 436 2686 abstulit
462 2660 594 2696 quoque
621 2661 725 2695 equos
745 2660 828 2694 quos
846 2648 1015 2683 dederant
1041 2649 1133 2683 coni.
1155 2649 1279 2691 foleti,
1306 2650 1342 2682 ot
1366 2647 1527 2692 deposuit
1551 2658 1655 2692 equos

152 2719 234 2753 quos
259 2710 449 2753 posuerant
473 2708 566 2742 coni.
594 2707 795 2742 Cotelerius
929 2706 962 2740 in
989 2706 1135 2740 introitu
1160 2705 1282 2750 templi
1307 2704 1438 2739 domini
1463 2705 1559 2738 iuxta
1584 2716 1659 2738 exc-

151 2766 248 2800 «iram
283 2765 557 2800 Nathanm‹·lech
590 2764 736 2798 eunuchi
769 2763 825 2808 qui
852 2765 927 2797 erat
953 2763 987 2796 in
1013 2762 1195 2797 Pharurim
1229 2762 1344 2797 foleti
1375 2772 1420 2796 ea·
1446 2762 1584 2804 Sabat„
1610 2762 1654 2795 ab

152 2822 297 2857 introitu
323 2822 442 2857 domus
477 2822 606 2857 domini
641 2821 685 2856 ad
709 2820 968 2865 pastophorium
1000 2820 1142 2855 Nathan
1173 2820 1264 2865 regis
1289 2818 1435 2853 eunuchi
1469 2819 1542 2862 (uel
1568 2818 1658 2862 quod

151 2880 268 2923 posuit
292 2881 382 2922 regis
406 2879 593 2923 eunuchus)
620 2880 676 2923 qni
702 2879 737 2912 in
765 2878 944 2912 pharurim
972 2878 1045 2920 (uel
1069 2877 1269 2916 Famadim)
1296 2875 1498 2910 cotelerius
