1934 3278
279 248 427 278 XXXVI

280 374 395 402 mum
426 360 653 414 sapientiae
686 359 950 401 commodum
977 359 1043 411 sit,
1078 360 1153 402 sed
1176 360 1379 403 aduersus
1400 362 1583 416 corporis
1615 362 1778 416 fragili-

279 431 411 471 tatem
441 431 518 471 hoc
552 442 643 471 esse
673 428 948 483 potissimum,
991 428 1101 482 quod
1141 429 1346 483 sapientia
1382 431 1539 473 animos
1572 432 1707 486 erigat
1739 433 1779 473 et

280 498 451 540 muniat.
483 524 539 529 —
569 499 665 550 312,
702 499 751 540 17
796 498 899 551 quid
942 497 1119 540 stultius
1163 499 1252 540 nisi
1290 502 1335 540 te
1364 503 1610 553 metuere,
1658 501 1779 542 deum

282 570 421 622 (temet
447 581 544 609 uere
573 569 694 610 deum
725 569 806 621 Vv)
839 581 1003 620 neyare.
1051 580 1172 609 nemo
1210 567 1411 610 traditam
1451 569 1699 622 scripturam
1733 582 1779 611 eo

282 636 491 688 defendat,
524 637 570 678 ut
601 651 695 679 uere
716 638 837 678 deum
867 635 981 677 idem
1004 636 1115 689 quod
1136 650 1286 678 uerum
1307 637 1429 678 deum
1456 649 1546 679 esse
1569 638 1779 691 opinetur3

282 706 432 748 deinde
474 706 733 748 enuntiatum
773 705 1003 747 bimembre
1043 705 1170 758 idque
1204 717 1251 746 ex
1281 718 1396 746 more
1430 706 1675 760 asyndetum
1708 719 1780 748 cx-

280 775 505 828 spectatur,
549 786 643 816 cum
685 774 952 816 coniunctum
991 774 1213 827 sequatur:
1257 775 1360 827 quid
1390 775 1626 828 sapientius
1655 789 1783 829 quam

280 844 516 897 nefandum
562 847 681 885 tuum
726 843 890 886 calcare
936 846 1065 896 caput
1092 843 1150 897 ·(i.
1186 855 1218 884 e.
1263 856 1341 885 non
1382 843 1588 896 metuere)
1636 846 1675 885 et
1712 844 1783 886 deo

271 916 449 966 propter
478 912 551 954 hoc
576 913 745 965 placere
774 913 937 965 factum
972 912 1014 966 (i.
1049 924 1082 953 e.
1118 911 1242 953 deum
1274 912 1496 966 confiteri).

336 994 465 1035 Pauci
499 993 676 1047 denique
706 993 790 1035 1001
820 993 947 1034 0113111
968 992 1289 1046 transpositione
1311 993 1624 1043 uocabulorum,
1658 1006 1782 1047 quam

280 1063 391 1103 1113111
438 1062 674 1116 corrigendi
718 1075 867 1104 manus
912 1062 1046 1115 prima
1094 1062 1179 1117 (68,
1217 1062 1280 1103 12.
1316 1062 1381 1112 70,
1416 1062 1480 1104 18.
1516 1062 1582 1112 71,
1615 1062 1681 1104 28.
1714 1062 1782 1112 90,

279 1132 347 1173 21.
378 1130 473 1182 301,
501 1132 538 1172 2.
571 1131 667 1182 307,
701 1132 788 1184 28),
821 1143 970 1173 manus
1000 1143 1082 1172 rec.
1120 1132 1234 1185 (118,
1258 1131 1330 1183 28)
1366 1131 1407 1172 01
1431 1131 1563 1172 Τ111113
1598 1131 1712 1186 (125,
1736 1131 1779 1183 2)

278 1201 391 1242 recte
422 1201 613 1252 inierunt,
649 1201 787 1243 sanari
816 1201 1012 1254 possunt3
1046 1200 1120 1242 sed
1150 1201 1192 1241 in
1221 1200 1340 1241 tanta
1370 1200 1593 1241 uerborum
1624 1211 1782 1252 ponen-

281 1269 426 1312 dorum
446 1270 629 1320 h‘centia,
662 1283 787 1323 quam
807 1269 932 1310 index
952 1283 990 1322 p.
1014 1269 1095 1311 357
1117 1269 1360 1320 illustrauit,
1383 1268 1566 1311 maxima
1591 1267 1783 1309 cautione

278 1352 381 1392 opus
404 1339 478 1390 est,
511 1339 557 1380 ut
589 1338 701 1392 quod
720 1338 809 1392 ipse
831 1339 899 1390 25,
924 1339 976 1380 13
998 1351 1253 1380 mereremur
1273 1351 1361 1379 non
1382 1336 1675 1378 commendaui
1698 1336 1785 1377 iam

279 1420 359 1449 11011
392 1407 613 1449 defendam
646 1408 687 1449 et
718 1407 814 1458 272,
846 1407 898 1449 21
940 1407 1106 1449 mutata
1142 1405 1475 1460 interpunctione
1506 1405 1644 1459 potius
1677 1405 1783 1446 scri-

278 1476 461 1518 bendum
495 1489 586 1519 esse
621 1489 836 1518 censeam:
869 1480 905 1518 et
934 1490 1010 1518 nos
1040 1477 1252 1530 episcopos
1281 1488 1384 1529 9003
1412 1475 1591 1528 spiritus
1612 1477 1784 1516 sanctus

279 1546 336 1587 ad
380 1546 604 1600 reyendam
653 1546 720 1587 dei
765 1545 980 1588 ecclesiam
1029 1545 1139 1598 quod
1183 1544 1447 1586 constituerit
1493 1543 1599 1586 dicit
1642 1542 1785 1584 beatus

280 1614 506 1668 apostolus,
537 1614 724 1657 debemus
749 1615 826 1656 tibi
849 1615 948 1668 lupo
973 1627 1164 1668 parcere,
1195 1613 1243 1654 ut
1276 1625 1300 1654 a
1329 1612 1435 1654 dicit
1461 1610 1644 1664 pendeat
1675 1612 1783 1664 quod

280 1683 554 1724 constituerit.
605 1681 738 1724 Tilius
779 1682 889 1736 quod
930 1681 1137 1736 expunxit,
1180 1681 1270 1734 ipse
1311 1694 1413 1733 9003
1433 1706 1487 1711 -
1510 1679 1785 1730 constituerit,

280 1751 390 1803 9οοοΖ
423 1752 495 1806 (==
518 1751 738 1806 quomodo)
770 1751 872 1793 dicit
905 1751 1178 1793 conieceram.
1232 1748 1309 1791 sed
1337 1749 1656 1802 transponemus
1687 1747 1784 1799 306,

281 1820 335 1861 29
367 1820 462 1872 quis
492 1823 580 1861 tam
610 1833 753 1862 uecors
784 1823 842 1861 est
871 1821 958 1862 nisi
987 1823 1041 1861 ut
1071 1823 1125 1861 tu
1156 1819 1247 1872 qui
1279 1817 1366 1872 (uel
1388 1821 1433 1859 tu
1454 1817 1606 1871 utqui,
1638 1819 1685 1858 ut
1712 1817 1786 1870 qui

280 1892 327 1930 tu
357 1888 408 1944 V,
451 1890 525 1942 qui
554 1892 602 1930 ut
632 1891 679 1930 tu
711 1888 865 1945 Colcti)
913 1902 1077 1930 omnem
1121 1887 1315 1930 hauseris
1360 1886 1623 1928 ament-iam?
1674 1885 1786 1939 quod

283 1957 420 1999 Coleti
451 1957 730 2008 coniecerunt,
772 1956 905 1999 teneri
937 1957 1081 2011 nequit
1122 1956 1203 1998 nisi
1244 1955 1434 1998 hauserit
1463 1953 1692 2007 scripseris.
1738 1956 1787 1995 ut

281 2029 328 2067 tu
358 2026 565 2068 breuitate
586 2025 851 2067 Luciferiana
880 2025 994 2067 idem
1024 2025 1141 2066 ualet
1174 2037 1220 2066 ac
1254 2025 1341 2066 nisi
1372 2024 1445 2076 qui
1476 2026 1534 2064 est
1564 2026 1612 2064 ut
1641 2026 1699 2064 tu.
1732 2047 1788 2052 —

282 2094 349 2145 59,
384 2095 408 2136 6
447 2095 849 2148 transponendorum
894 2094 1194 2136 uocabulorum
1239 2105 1369 2134 unum
1415 2091 1655 2145 corruptum
1702 2091 1786 2139 est3

283 2163 342 2204 sic
385 2164 493 2205 enim
534 2164 701 2206 exhibet
730 2164 790 2206 V:
837 2165 1103 2219 (Manasses)
1138 2163 1309 2216 quando
1337 2160 1451 2215 filios
1481 2173 1576 2202 suos
1607 2163 1682 2201 aut
1704 2173 1788 2212 per

286 2232 421 2286 iynem
457 2232 649 2274 omnibus
688 2233 959 2274 consecrabat
995 2231 1233 2275 daemoniis
1264 2233 1339 2272 aut
1371 2242 1482 2271 cum
1507 2245 1539 2284 p
1575 2231 1674 2282 (per
1705 2240 1787 2269 om.

282 2301 325 2352 v)
359 2301 659 2343 concremabat.
705 2301 844 2355 legas:
886 2304 963 2343 aut
995 2315 1077 2354 per
1116 2314 1209 2342 eum
1252 2303 1327 2353 (30.
1359 2298 1533 2351 ignem).
1566 2322 1621 2327 —
1652 2308 1785 2350 neque

283 2381 382 2411 uero
414 2369 580 2423 saepius
613 2369 801 2424 singulae
831 2370 999 2411 litterae
1029 2369 1170 2411 locum
1200 2366 1482 2416 mutauerunt,
1520 2364 1631 2418 quod
1662 2376 1787 2418 supra

284 2437 381 2489 306,
414 2437 468 2479 20
514 2437 675 2481 duobus
722 2438 847 2480 certis
894 2437 1093 2491 exemplis
1140 2436 1363 2478 didicimus
1397 2438 1450 2489 (et
1480 2434 1577 2475 hinc
1610 2433 1702 2475 aliu
1734 2451 1786 2470 =

284 2505 570 2558 ethnicalium,
592 2510 628 2548 et
647 2507 747 2549 hinc
768 2507 905 2549 aliam
922 2526 973 2544 z
996 2507 1300 2558 ethnicalium).
1332 2505 1409 2545 hac
1431 2502 1591 2544 ratione
1613 2501 1785 2543 restitu-

287 2573 441 2615 endum
460 2574 625 2627 putaui:
660 2575 753 2626 137,
779 2575 833 2616 14
862 2575 961 2616 haec
986 2577 1061 2629 (30.
1086 2574 1150 2616 031
1172 2586 1273 2615 uera
1293 2573 1396 2625 uia),
1429 2585 1534 2625 9000
1564 2584 1636 2612 nec
1657 2572 1786 2612 inno-

286 2645 439 2685 centem
469 2643 671 2695 interficit
703 2644 783 2698 (sic
817 2643 880 2685 031
911 2642 1193 2693 scribendum,
1227 2641 1441 2694 interfecit
1460 2639 1516 2693 V)
1549 2653 1620 2681 nec
1652 2639 1788 2681 alium

286 2712 363 2753 scit
393 2712 527 2766 deum,
559 2712 661 2764 quia
690 2713 861 2754 nescit
895 2713 1045 2767 (necsit
1074 2712 1126 2762 V,
1159 2723 1231 2752 nec
1261 2710 1338 2752 scit
1367 2722 1421 2750 m.
1444 2721 1527 2750 rec.
1554 2708 1594 2750 et
1624 2710 1666 2761 v)
1699 2708 1788 2749 nisi

285 2781 409 2822 deum
454 2781 715 2834 anyelorum,
760 2781 788 2821 i.
822 2793 856 2822 e.
890 2781 987 2834 quia
1027 2780 1188 2822 nullum
1230 2778 1309 2820 scit
1349 2777 1429 2819 nisi
1467 2789 1614 2818 uerum
1647 2776 1785 2818 deum.

284 2861 471 2902 premere
521 2849 658 2890 autem
705 2849 919 2891 nesciendi
963 2849 1185 2899 notionem,
1233 2847 1279 2888 ut
1316 2859 1366 2887 ne
1405 2845 1570 2887 nouisse
1616 2844 1783 2898 quidem
