<?xml version="1.0" encoding="UTF-8"?>
<!DOCTYPE html PUBLIC "-//W3C//DTD XHTML 1.0 Transitional//EN"
    "http://www.w3.org/TR/xhtml1/DTD/xhtml1-transitional.dtd">
<html xmlns="http://www.w3.org/1999/xhtml" xml:lang="en" lang="en">
 <head>
  <title>
</title>
<meta http-equiv="Content-Type" content="text/html;charset=utf-8" />
  <meta name='ocr-system' content='tesseract 3.04.00' />
  <meta name='ocr-capabilities' content='ocr_page ocr_carea ocr_par ocr_line ocrx_word'/>
</head>
<body>
  <div class='ocr_page' id='page_1' title='image "./corpusscriptorum14luciuoft_0049.png"; bbox 0 0 1934 3278; ppageno 0'>
   <div class='ocr_carea' id='block_1_1' title="bbox 1465 247 1666 280">
    <p class='ocr_par' dir='ltr' id='par_1_1' title="bbox 1465 247 1666 280">
     <span class='ocr_line' id='line_1_1' title="bbox 1465 247 1666 280; baseline 0.005 -2"><span class='ocrx_word' id='word_1_1' title='bbox 1465 247 1666 280; x_wconf 84' lang='lat' dir='ltr'>XXXVIIII</span> 
     </span>
    </p>
   </div>
   <div class='ocr_carea' id='block_1_2' title="bbox 121 359 1684 1779">
    <p class='ocr_par' dir='ltr' id='par_1_2' title="bbox 163 359 1684 829">
     <span class='ocr_line' id='line_1_2' title="bbox 225 359 1665 414; baseline -0.003 -7"><span class='ocrx_word' id='word_1_2' title='bbox 225 363 308 407; x_wconf 88' lang='lat' dir='ltr'>Sed</span> <span class='ocrx_word' id='word_1_3' title='bbox 340 363 394 405; x_wconf 89' lang='lat' dir='ltr'>ad</span> <span class='ocrx_word' id='word_1_4' title='bbox 423 362 548 404; x_wconf 92' lang='lat' dir='ltr'>finem</span> <span class='ocrx_word' id='word_1_5' title='bbox 578 360 750 403; x_wconf 91' lang='lat' dir='ltr'>tandem</span> <span class='ocrx_word' id='word_1_6' title='bbox 778 359 998 402; x_wconf 86' lang='lat' dir='ltr'>ueniamus</span> <span class='ocrx_word' id='word_1_7' title='bbox 1024 372 1196 402; x_wconf 89' lang='lat' dir='ltr'>necesse</span> <span class='ocrx_word' id='word_1_8' title='bbox 1220 360 1283 402; x_wconf 89' lang='lat' dir='ltr'>est</span> <span class='ocrx_word' id='word_1_9' title='bbox 1313 372 1446 414; x_wconf 92' lang='lat' dir='ltr'>neque</span> <span class='ocrx_word' id='word_1_10' title='bbox 1479 360 1530 402; x_wconf 91' lang='lat' dir='ltr'>de</span> <span class='ocrx_word' id='word_1_11' title='bbox 1560 360 1665 403; x_wconf 89' lang='lat' dir='ltr'>locis</span> 
     </span>
     <span class='ocr_line' id='line_1_3' title="bbox 167 429 1684 488; baseline -0.003 -12"><span class='ocrx_word' id='word_1_12' title='bbox 167 445 292 488; x_wconf 87' lang='lat' dir='ltr'>agam</span> <span class='ocrx_word' id='word_1_13' title='bbox 331 444 412 474; x_wconf 92' lang='lat' dir='ltr'>non</span> <span class='ocrx_word' id='word_1_14' title='bbox 451 430 610 486; x_wconf 82' lang='lat' dir='ltr'>paucis,</span> <span class='ocrx_word' id='word_1_15' title='bbox 653 429 723 484; x_wconf 89' lang='lat' dir='ltr'>qui</span> <span class='ocrx_word' id='word_1_16' title='bbox 764 429 1024 484; x_wconf 71' lang='lat' dir='ltr'>corruptelae</span> <span class='ocrx_word' id='word_1_17' title='bbox 1055 430 1238 484; x_wconf 91' lang='lat' dir='ltr'>speciem</span> <span class='ocrx_word' id='word_1_18' title='bbox 1278 442 1378 483; x_wconf 89' lang='lat' dir='ltr'>prae</span> <span class='ocrx_word' id='word_1_19' title='bbox 1409 441 1454 471; x_wconf 90' lang='lat' dir='ltr'>se</span> <span class='ocrx_word' id='word_1_20' title='bbox 1483 429 1684 472; x_wconf 86' lang='lat' dir='ltr'>ferentes-</span> 
     </span>
     <span class='ocr_line' id='line_1_4' title="bbox 165 498 1665 553; baseline -0.002 -9"><span class='ocrx_word' id='word_1_21' title='bbox 165 500 381 544; x_wconf 90' lang='lat' dir='ltr'>lenissima</span> <span class='ocrx_word' id='word_1_22' title='bbox 400 498 568 542; x_wconf 88' lang='lat' dir='ltr'>medela</span> <span class='ocrx_word' id='word_1_23' title='bbox 589 498 921 553; x_wconf 77' lang='lat' dir='ltr'>interpunctione</span> <span class='ocrx_word' id='word_1_24' title='bbox 942 498 1118 550; x_wconf 86' lang='lat' dir='ltr'>mutata,</span> <span class='ocrx_word' id='word_1_25' title='bbox 1149 498 1194 540; x_wconf 92' lang='lat' dir='ltr'>id</span> <span class='ocrx_word' id='word_1_26' title='bbox 1215 499 1326 553; x_wconf 89' lang='lat' dir='ltr'>quod</span> <span class='ocrx_word' id='word_1_27' title='bbox 1347 499 1512 553; x_wconf 90' lang='lat' dir='ltr'>saepius</span> <span class='ocrx_word' id='word_1_28' title='bbox 1536 499 1665 541; x_wconf 87' lang='lat' dir='ltr'>tacite</span> 
     </span>
     <span class='ocr_line' id='line_1_5' title="bbox 166 566 1665 622; baseline -0.001 -11"><span class='ocrx_word' id='word_1_29' title='bbox 166 569 324 612; x_wconf 88' lang='lat' dir='ltr'>factum</span> <span class='ocrx_word' id='word_1_30' title='bbox 370 569 446 619; x_wconf 89' lang='lat' dir='ltr'>est,</span> <span class='ocrx_word' id='word_1_31' title='bbox 494 567 662 610; x_wconf 85' lang='lat' dir='ltr'>defendi</span> <span class='ocrx_word' id='word_1_32' title='bbox 704 567 908 622; x_wconf 83' lang='lat' dir='ltr'>poterant.</span> <span class='ocrx_word' id='word_1_33' title='bbox 956 566 1067 622; x_wconf 91' lang='lat' dir='ltr'>quod</span> <span class='ocrx_word' id='word_1_34' title='bbox 1110 567 1252 610; x_wconf 86' lang='lat' dir='ltr'>tamen</span> <span class='ocrx_word' id='word_1_35' title='bbox 1291 568 1371 610; x_wconf 89' lang='lat' dir='ltr'>hac</span> <span class='ocrx_word' id='word_1_36' title='bbox 1410 567 1665 622; x_wconf 85' lang='lat' dir='ltr'>praefatione</span> 
     </span>
     <span class='ocr_line' id='line_1_6' title="bbox 167 635 1665 691; baseline -0.001 -12"><span class='ocrx_word' id='word_1_37' title='bbox 167 637 405 680; x_wconf 84' lang='lat' dir='ltr'>accuratius</span> <span class='ocrx_word' id='word_1_38' title='bbox 435 636 619 680; x_wconf 90' lang='lat' dir='ltr'>rationes</span> <span class='ocrx_word' id='word_1_39' title='bbox 649 636 833 691; x_wconf 82' lang='lat' dir='ltr'>exposui,</span> <span class='ocrx_word' id='word_1_40' title='bbox 866 635 1015 690; x_wconf 91' lang='lat' dir='ltr'>quibus</span> <span class='ocrx_word' id='word_1_41' title='bbox 1048 636 1199 679; x_wconf 86' lang='lat' dir='ltr'>ductus</span> <span class='ocrx_word' id='word_1_42' title='bbox 1227 637 1358 679; x_wconf 91' lang='lat' dir='ltr'>uerba</span> <span class='ocrx_word' id='word_1_43' title='bbox 1385 637 1665 679; x_wconf 87' lang='lat' dir='ltr'>recensuerim</span> 
     </span>
     <span class='ocr_line' id='line_1_7' title="bbox 164 705 1664 760; baseline -0.001 -12"><span class='ocrx_word' id='word_1_44' title='bbox 164 719 209 748; x_wconf 91' lang='lat' dir='ltr'>re</span> <span class='ocrx_word' id='word_1_45' title='bbox 239 719 320 748; x_wconf 92' lang='lat' dir='ltr'>non</span> <span class='ocrx_word' id='word_1_46' title='bbox 350 706 487 748; x_wconf 91' lang='lat' dir='ltr'>minus</span> <span class='ocrx_word' id='word_1_47' title='bbox 519 705 764 748; x_wconf 83' lang='lat' dir='ltr'>excusatum</span> <span class='ocrx_word' id='word_1_48' title='bbox 794 705 845 747; x_wconf 91' lang='lat' dir='ltr'>iri</span> <span class='ocrx_word' id='word_1_49' title='bbox 877 717 997 759; x_wconf 87' lang='lat' dir='ltr'>spero</span> <span class='ocrx_word' id='word_1_50' title='bbox 1028 718 1154 759; x_wconf 90' lang='lat' dir='ltr'>quam</span> <span class='ocrx_word' id='word_1_51' title='bbox 1179 705 1291 760; x_wconf 90' lang='lat' dir='ltr'>quod</span> <span class='ocrx_word' id='word_1_52' title='bbox 1311 705 1546 747; x_wconf 88' lang='lat' dir='ltr'>uberiorem</span> <span class='ocrx_word' id='word_1_53' title='bbox 1565 718 1664 747; x_wconf 90' lang='lat' dir='ltr'>uer-</span> 
     </span>
     <span class='ocr_line' id='line_1_8' title="bbox 163 773 1667 829; baseline -0.001 -12"><span class='ocrx_word' id='word_1_54' title='bbox 163 775 311 817; x_wconf 90' lang='lat' dir='ltr'>borum</span> <span class='ocrx_word' id='word_1_55' title='bbox 343 775 386 818; x_wconf 90' lang='lat' dir='ltr'>et</span> <span class='ocrx_word' id='word_1_56' title='bbox 421 775 678 817; x_wconf 87' lang='lat' dir='ltr'>locutionum</span> <span class='ocrx_word' id='word_1_57' title='bbox 715 773 895 816; x_wconf 88' lang='lat' dir='ltr'>indicem</span> <span class='ocrx_word' id='word_1_58' title='bbox 939 774 1086 825; x_wconf 87' lang='lat' dir='ltr'>adieci,</span> <span class='ocrx_word' id='word_1_59' title='bbox 1126 787 1209 829; x_wconf 90' lang='lat' dir='ltr'>qua</span> <span class='ocrx_word' id='word_1_60' title='bbox 1245 779 1468 828; x_wconf 90' lang='lat' dir='ltr'>utrumque</span> <span class='ocrx_word' id='word_1_61' title='bbox 1501 787 1667 829; x_wconf 85' lang='lat' dir='ltr'>asseqm</span> 
     </span>
    </p>

    <p class='ocr_par' dir='ltr' id='par_1_3' title="bbox 121 842 1668 1779">
     <span class='ocr_line' id='line_1_9' title="bbox 121 842 1665 897; baseline 0 -12"><span class='ocrx_word' id='word_1_62' title='bbox 121 894 124 896; x_wconf 29' lang='lat'>,</span> <span class='ocrx_word' id='word_1_63' title='bbox 165 842 309 886; x_wconf 86' lang='lat' dir='ltr'>studui</span> <span class='ocrx_word' id='word_1_64' title='bbox 354 843 398 886; x_wconf 91' lang='lat' dir='ltr'>et</span> <span class='ocrx_word' id='word_1_65' title='bbox 441 843 489 885; x_wconf 92' lang='lat' dir='ltr'>ut</span> <span class='ocrx_word' id='word_1_66' title='bbox 536 843 826 886; x_wconf 86' lang='lat' dir='ltr'>commoditati</span> <span class='ocrx_word' id='word_1_67' title='bbox 871 855 1013 886; x_wconf 92' lang='lat' dir='ltr'>eorum</span> <span class='ocrx_word' id='word_1_68' title='bbox 1061 843 1361 897; x_wconf 79' lang='lat' dir='ltr'>prospicerem,</span> <span class='ocrx_word' id='word_1_69' title='bbox 1414 842 1450 885; x_wconf 86' lang='lat' dir='ltr'>si</span> <span class='ocrx_word' id='word_1_70' title='bbox 1495 844 1566 897; x_wconf 88' lang='lat' dir='ltr'>qui</span> <span class='ocrx_word' id='word_1_71' title='bbox 1613 843 1665 886; x_wconf 86' lang='lat' dir='ltr'>ad</span> 
     </span>
     <span class='ocr_line' id='line_1_10' title="bbox 164 907 1665 965; baseline 0.001 -12"><span class='ocrx_word' id='word_1_72' title='bbox 164 911 501 955; x_wconf 87' lang='lat' dir='ltr'>iniucundissimi</span> <span class='ocrx_word' id='word_1_73' title='bbox 532 911 575 954; x_wconf 92' lang='lat' dir='ltr'>et</span> <span class='ocrx_word' id='word_1_74' title='bbox 602 911 913 965; x_wconf 84' lang='lat' dir='ltr'>impeditissimi</span> <span class='ocrx_word' id='word_1_75' title='bbox 954 911 1136 954; x_wconf 86' lang='lat' dir='ltr'>auctoris</span> <span class='ocrx_word' id='word_1_76' title='bbox 1156 907 1301 965; x_wconf 55' lang='lat' dir='ltr'>&#39;opera</span> <span class='ocrx_word' id='word_1_77' title='bbox 1328 911 1509 965; x_wconf 88' lang='lat' dir='ltr'>legenda</span> <span class='ocrx_word' id='word_1_78' title='bbox 1540 924 1665 955; x_wconf 91' lang='lat' dir='ltr'>acce-</span> 
     </span>
     <span class='ocr_line' id='line_1_11' title="bbox 166 980 1664 1035; baseline 0 -13"><span class='ocrx_word' id='word_1_79' title='bbox 166 980 312 1022; x_wconf 89' lang='lat' dir='ltr'>derent</span> <span class='ocrx_word' id='word_1_80' title='bbox 344 980 386 1022; x_wconf 90' lang='lat' dir='ltr'>et</span> <span class='ocrx_word' id='word_1_81' title='bbox 414 980 463 1022; x_wconf 89' lang='lat' dir='ltr'>ut</span> <span class='ocrx_word' id='word_1_82' title='bbox 493 992 599 1034; x_wconf 88' lang='lat' dir='ltr'>quae</span> <span class='ocrx_word' id='word_1_83' title='bbox 632 980 686 1022; x_wconf 91' lang='lat' dir='ltr'>ad</span> <span class='ocrx_word' id='word_1_84' title='bbox 714 980 883 1035; x_wconf 86' lang='lat' dir='ltr'>linguae</span> <span class='ocrx_word' id='word_1_85' title='bbox 911 980 1127 1023; x_wconf 89' lang='lat' dir='ltr'>Romanae</span> <span class='ocrx_word' id='word_1_86' title='bbox 1158 980 1375 1023; x_wconf 86' lang='lat' dir='ltr'>historiam</span> <span class='ocrx_word' id='word_1_87' title='bbox 1406 992 1664 1034; x_wconf 86' lang='lat' dir='ltr'>cognoscen-</span> 
     </span>
     <span class='ocr_line' id='line_1_12' title="bbox 166 1048 1667 1103; baseline 0.001 -14"><span class='ocrx_word' id='word_1_88' title='bbox 166 1048 262 1090; x_wconf 84' lang='lat' dir='ltr'>dam</span> <span class='ocrx_word' id='word_1_89' title='bbox 300 1048 398 1090; x_wconf 90' lang='lat' dir='ltr'>inde</span> <span class='ocrx_word' id='word_1_90' title='bbox 435 1048 721 1091; x_wconf 85' lang='lat' dir='ltr'>redundarent</span> <span class='ocrx_word' id='word_1_91' title='bbox 757 1049 921 1102; x_wconf 89' lang='lat' dir='ltr'>plenius</span> <span class='ocrx_word' id='word_1_92' title='bbox 959 1049 1140 1091; x_wconf 89' lang='lat' dir='ltr'>collecta</span> <span class='ocrx_word' id='word_1_93' title='bbox 1176 1062 1460 1103; x_wconf 89' lang='lat' dir='ltr'>proponerem.</span> <span class='ocrx_word' id='word_1_94' title='bbox 1510 1050 1551 1091; x_wconf 91' lang='lat' dir='ltr'>et</span> <span class='ocrx_word' id='word_1_95' title='bbox 1587 1049 1667 1091; x_wconf 86' lang='lat' dir='ltr'>nisi</span> 
     </span>
     <span class='ocr_line' id='line_1_13' title="bbox 160 1117 1666 1172; baseline 0 -13"><span class='ocrx_word' id='word_1_96' title='bbox 160 1130 242 1159; x_wconf 74' lang='lat' dir='ltr'>mev</span> <span class='ocrx_word' id='word_1_97' title='bbox 270 1117 432 1160; x_wconf 90' lang='lat' dir='ltr'>animus</span> <span class='ocrx_word' id='word_1_98' title='bbox 473 1118 594 1170; x_wconf 91' lang='lat' dir='ltr'>fallit,</span> <span class='ocrx_word' id='word_1_99' title='bbox 635 1117 705 1160; x_wconf 82' lang='lat' dir='ltr'>uix</span> <span class='ocrx_word' id='word_1_100' title='bbox 745 1118 851 1160; x_wconf 86' lang='lat' dir='ltr'>alius</span> <span class='ocrx_word' id='word_1_101' title='bbox 887 1118 1001 1160; x_wconf 91' lang='lat' dir='ltr'>illius</span> <span class='ocrx_word' id='word_1_102' title='bbox 1044 1118 1243 1172; x_wconf 88' lang='lat' dir='ltr'>temporis</span> <span class='ocrx_word' id='word_1_103' title='bbox 1283 1118 1428 1160; x_wconf 88' lang='lat' dir='ltr'>auctor</span> <span class='ocrx_word' id='word_1_104' title='bbox 1465 1118 1666 1172; x_wconf 87' lang='lat' dir='ltr'>integrior</span> 
     </span>
     <span class='ocr_line' id='line_1_14' title="bbox 162 1186 1666 1240; baseline 0.001 -13"><span class='ocrx_word' id='word_1_105' title='bbox 162 1186 310 1229; x_wconf 86' lang='lat' dir='ltr'>rustici</span> <span class='ocrx_word' id='word_1_106' title='bbox 340 1187 544 1230; x_wconf 88' lang='lat' dir='ltr'>sermonis</span> <span class='ocrx_word' id='word_1_107' title='bbox 572 1187 696 1230; x_wconf 89' lang='lat' dir='ltr'>testis</span> <span class='ocrx_word' id='word_1_108' title='bbox 729 1187 877 1240; x_wconf 75' lang='lat' dir='ltr'>exstat.</span> <span class='ocrx_word' id='word_1_109' title='bbox 927 1200 976 1229; x_wconf 89' lang='lat' dir='ltr'>ea</span> <span class='ocrx_word' id='word_1_110' title='bbox 1008 1186 1059 1228; x_wconf 92' lang='lat' dir='ltr'>de</span> <span class='ocrx_word' id='word_1_111' title='bbox 1081 1199 1211 1229; x_wconf 90' lang='lat' dir='ltr'>causa</span> <span class='ocrx_word' id='word_1_112' title='bbox 1233 1187 1359 1229; x_wconf 88' lang='lat' dir='ltr'>etiam</span> <span class='ocrx_word' id='word_1_113' title='bbox 1389 1186 1586 1229; x_wconf 90' lang='lat' dir='ltr'>nonnulla</span> <span class='ocrx_word' id='word_1_114' title='bbox 1617 1199 1666 1230; x_wconf 80' lang='lat' dir='ltr'>ex</span> 
     </span>
     <span class='ocr_line' id='line_1_15' title="bbox 162 1255 1665 1310; baseline 0 -13"><span class='ocrx_word' id='word_1_115' title='bbox 162 1268 379 1298; x_wconf 88' lang='lat' dir='ltr'>sacrarum</span> <span class='ocrx_word' id='word_1_116' title='bbox 410 1256 711 1310; x_wconf 88' lang='lat' dir='ltr'>scripturarum</span> <span class='ocrx_word' id='word_1_117' title='bbox 749 1256 855 1298; x_wconf 90' lang='lat' dir='ltr'>locis</span> <span class='ocrx_word' id='word_1_118' title='bbox 896 1255 1042 1297; x_wconf 91' lang='lat' dir='ltr'>eodem</span> <span class='ocrx_word' id='word_1_119' title='bbox 1073 1255 1236 1298; x_wconf 90' lang='lat' dir='ltr'>nomine</span> <span class='ocrx_word' id='word_1_120' title='bbox 1266 1256 1459 1310; x_wconf 84' lang='lat' dir='ltr'>insignia,</span> <span class='ocrx_word' id='word_1_121' title='bbox 1491 1268 1665 1310; x_wconf 87' lang='lat' dir='ltr'>quorum</span> 
     </span>
     <span class='ocr_line' id='line_1_16' title="bbox 161 1324 1668 1378; baseline 0 -12"><span class='ocrx_word' id='word_1_122' title='bbox 161 1324 282 1377; x_wconf 90' lang='lat' dir='ltr'>plura</span> <span class='ocrx_word' id='word_1_123' title='bbox 312 1337 419 1367; x_wconf 91' lang='lat' dir='ltr'>nunc</span> <span class='ocrx_word' id='word_1_124' title='bbox 462 1325 630 1367; x_wconf 91' lang='lat' dir='ltr'>demum</span> <span class='ocrx_word' id='word_1_125' title='bbox 664 1338 712 1367; x_wconf 85' lang='lat' dir='ltr'>ex</span> <span class='ocrx_word' id='word_1_126' title='bbox 744 1325 889 1368; x_wconf 89' lang='lat' dir='ltr'>codice</span> <span class='ocrx_word' id='word_1_127' title='bbox 920 1325 1073 1378; x_wconf 78' lang='lat' dir='ltr'>recepi,</span> <span class='ocrx_word' id='word_1_128' title='bbox 1107 1324 1304 1374; x_wconf 84' lang='lat' dir='ltr'>delibaui.</span> <span class='ocrx_word' id='word_1_129' title='bbox 1336 1338 1386 1366; x_wconf 90' lang='lat' dir='ltr'>ne</span> <span class='ocrx_word' id='word_1_130' title='bbox 1420 1324 1576 1367; x_wconf 89' lang='lat' dir='ltr'>diutius</span> <span class='ocrx_word' id='word_1_131' title='bbox 1608 1325 1668 1367; x_wconf 91' lang='lat' dir='ltr'>ibi</span> 
     </span>
     <span class='ocr_line' id='line_1_17' title="bbox 164 1393 1666 1447; baseline 0.001 -13"><span class='ocrx_word' id='word_1_132' title='bbox 164 1393 471 1436; x_wconf 84' lang='lat' dir='ltr'>delitescerent.</span> <span class='ocrx_word' id='word_1_133' title='bbox 516 1395 558 1435; x_wconf 90' lang='lat' dir='ltr'>in</span> <span class='ocrx_word' id='word_1_134' title='bbox 600 1395 678 1436; x_wconf 90' lang='lat' dir='ltr'>hoc</span> <span class='ocrx_word' id='word_1_135' title='bbox 721 1406 843 1447; x_wconf 89' lang='lat' dir='ltr'>opere</span> <span class='ocrx_word' id='word_1_136' title='bbox 887 1394 1026 1435; x_wconf 90' lang='lat' dir='ltr'>autem</span> <span class='ocrx_word' id='word_1_137' title='bbox 1068 1393 1328 1436; x_wconf 89' lang='lat' dir='ltr'>conficiendo</span> <span class='ocrx_word' id='word_1_138' title='bbox 1364 1407 1459 1437; x_wconf 90' lang='lat' dir='ltr'>cum</span> <span class='ocrx_word' id='word_1_139' title='bbox 1491 1395 1541 1436; x_wconf 88' lang='lat' dir='ltr'>ab</span> <span class='ocrx_word' id='word_1_140' title='bbox 1574 1394 1666 1436; x_wconf 88' lang='lat' dir='ltr'>aliis</span> 
     </span>
     <span class='ocr_line' id='line_1_18' title="bbox 161 1461 1665 1517; baseline 0.001 -14"><span class='ocrx_word' id='word_1_141' title='bbox 161 1461 320 1513; x_wconf 85' lang='lat' dir='ltr'>amicis,</span> <span class='ocrx_word' id='word_1_142' title='bbox 354 1463 424 1516; x_wconf 93' lang='lat' dir='ltr'>qui</span> <span class='ocrx_word' id='word_1_143' title='bbox 451 1475 475 1504; x_wconf 89' lang='lat' dir='ltr'>a</span> <span class='ocrx_word' id='word_1_144' title='bbox 494 1475 562 1504; x_wconf 87' lang='lat' dir='ltr'>me</span> <span class='ocrx_word' id='word_1_145' title='bbox 592 1463 729 1517; x_wconf 89' lang='lat' dir='ltr'>rogati</span> <span class='ocrx_word' id='word_1_146' title='bbox 753 1462 1032 1505; x_wconf 86' lang='lat' dir='ltr'>bibliothecas</span> <span class='ocrx_word' id='word_1_147' title='bbox 1061 1462 1315 1516; x_wconf 85' lang='lat' dir='ltr'>perscrutati</span> <span class='ocrx_word' id='word_1_148' title='bbox 1346 1463 1443 1504; x_wconf 90' lang='lat' dir='ltr'>sunt</span> <span class='ocrx_word' id='word_1_149' title='bbox 1473 1462 1665 1505; x_wconf 87' lang='lat' dir='ltr'>codices-</span> 
     </span>
     <span class='ocr_line' id='line_1_19' title="bbox 161 1530 1664 1585; baseline 0.001 -13"><span class='ocrx_word' id='word_1_150' title='bbox 161 1543 240 1584; x_wconf 86' lang='lat' dir='ltr'>que</span> <span class='ocrx_word' id='word_1_151' title='bbox 285 1530 566 1585; x_wconf 82' lang='lat' dir='ltr'>inspexerunt,</span> <span class='ocrx_word' id='word_1_152' title='bbox 614 1544 718 1585; x_wconf 92' lang='lat' dir='ltr'>quos</span> <span class='ocrx_word' id='word_1_153' title='bbox 762 1544 888 1585; x_wconf 88' lang='lat' dir='ltr'>supra</span> <span class='ocrx_word' id='word_1_154' title='bbox 924 1531 1148 1581; x_wconf 89' lang='lat' dir='ltr'>nominaui,</span> <span class='ocrx_word' id='word_1_155' title='bbox 1191 1532 1282 1572; x_wconf 91' lang='lat' dir='ltr'>tum</span> <span class='ocrx_word' id='word_1_156' title='bbox 1314 1543 1338 1572; x_wconf 91' lang='lat' dir='ltr'>a</span> <span class='ocrx_word' id='word_1_157' title='bbox 1367 1531 1441 1573; x_wconf 92' lang='lat' dir='ltr'>Pio</span> <span class='ocrx_word' id='word_1_158' title='bbox 1471 1531 1664 1573; x_wconf 88' lang='lat' dir='ltr'>Knoellio</span> 
     </span>
     <span class='ocr_line' id='line_1_20' title="bbox 159 1599 1665 1655; baseline 0.001 -14"><span class='ocrx_word' id='word_1_159' title='bbox 159 1612 267 1650; x_wconf 90' lang='lat' dir='ltr'>meo,</span> <span class='ocrx_word' id='word_1_160' title='bbox 313 1600 385 1653; x_wconf 92' lang='lat' dir='ltr'>qui</span> <span class='ocrx_word' id='word_1_161' title='bbox 430 1600 562 1643; x_wconf 87' lang='lat' dir='ltr'>oculis</span> <span class='ocrx_word' id='word_1_162' title='bbox 607 1600 815 1643; x_wconf 89' lang='lat' dir='ltr'>laboranti</span> <span class='ocrx_word' id='word_1_163' title='bbox 858 1601 900 1642; x_wconf 93' lang='grc'>111</span> <span class='ocrx_word' id='word_1_164' title='bbox 940 1600 1182 1655; x_wconf 81' lang='lat' dir='ltr'>typothetae</span> <span class='ocrx_word' id='word_1_165' title='bbox 1212 1599 1376 1642; x_wconf 89' lang='lat' dir='ltr'>mendis</span> <span class='ocrx_word' id='word_1_166' title='bbox 1408 1599 1665 1654; x_wconf 85' lang='lat' dir='ltr'>corrigendis</span> 
     </span>
     <span class='ocr_line' id='line_1_21' title="bbox 159 1667 1664 1722; baseline 0 -13"><span class='ocrx_word' id='word_1_167' title='bbox 159 1667 372 1710; x_wconf 81' lang='lat' dir='ltr'>indefessa</span> <span class='ocrx_word' id='word_1_168' title='bbox 409 1681 510 1710; x_wconf 90' lang='lat' dir='ltr'>cura</span> <span class='ocrx_word' id='word_1_169' title='bbox 550 1668 695 1719; x_wconf 83' lang='lat' dir='ltr'>adfuit,</span> <span class='ocrx_word' id='word_1_170' title='bbox 746 1668 915 1710; x_wconf 91' lang='lat' dir='ltr'>adiutus</span> <span class='ocrx_word' id='word_1_171' title='bbox 946 1681 1050 1719; x_wconf 87' lang='lat' dir='ltr'>sum,</span> <span class='ocrx_word' id='word_1_172' title='bbox 1099 1668 1249 1722; x_wconf 89' lang='lat' dir='ltr'>quibus</span> <span class='ocrx_word' id='word_1_173' title='bbox 1278 1669 1398 1722; x_wconf 88' lang='lat' dir='ltr'>grato</span> <span class='ocrx_word' id='word_1_174' title='bbox 1431 1669 1566 1710; x_wconf 90' lang='lat' dir='ltr'>animo</span> <span class='ocrx_word' id='word_1_175' title='bbox 1596 1681 1664 1710; x_wconf 90' lang='lat' dir='ltr'>me</span> 
     </span>
     <span class='ocr_line' id='line_1_22' title="bbox 163 1736 582 1779; baseline 0.005 -2"><span class='ocrx_word' id='word_1_176' title='bbox 163 1736 404 1779; x_wconf 87' lang='lat' dir='ltr'>deuinctum</span> <span class='ocrx_word' id='word_1_177' title='bbox 436 1737 582 1779; x_wconf 89' lang='lat' dir='ltr'>sentio.</span> 
     </span>
    </p>
   </div>
   <div class='ocr_carea' id='block_1_3' title="bbox 156 1827 1664 2021">
    <p class='ocr_par' dir='ltr' id='par_1_4' title="bbox 156 1827 1664 2021">
     <span class='ocr_line' id='line_1_23' title="bbox 212 1827 1663 1884; baseline 0 -14"><span class='ocrx_word' id='word_1_178' title='bbox 212 1829 259 1870; x_wconf 92' lang='lat' dir='ltr'>In</span> <span class='ocrx_word' id='word_1_179' title='bbox 291 1828 372 1870; x_wconf 91' lang='lat' dir='ltr'>fine</span> <span class='ocrx_word' id='word_1_180' title='bbox 403 1828 674 1882; x_wconf 86' lang='lat' dir='ltr'>praefationis</span> <span class='ocrx_word' id='word_1_181' title='bbox 709 1828 902 1871; x_wconf 91' lang='lat' dir='ltr'>addenda</span> <span class='ocrx_word' id='word_1_182' title='bbox 933 1830 974 1870; x_wconf 90' lang='lat' dir='ltr'>et</span> <span class='ocrx_word' id='word_1_183' title='bbox 1005 1829 1252 1884; x_wconf 86' lang='lat' dir='ltr'>corrigenda</span> <span class='ocrx_word' id='word_1_184' title='bbox 1281 1828 1400 1882; x_wconf 91' lang='lat' dir='ltr'>posui</span> <span class='ocrx_word' id='word_1_185' title='bbox 1422 1827 1663 1883; x_wconf 86' lang='lat' dir='ltr'>scripturis-</span> 
     </span>
     <span class='ocr_line' id='line_1_24' title="bbox 158 1896 1664 1952; baseline 0 -14"><span class='ocrx_word' id='word_1_186' title='bbox 158 1909 251 1950; x_wconf 90' lang='lat' dir='ltr'>que,</span> <span class='ocrx_word' id='word_1_187' title='bbox 294 1910 397 1951; x_wconf 89' lang='lat' dir='ltr'>quas</span> <span class='ocrx_word' id='word_1_188' title='bbox 434 1898 475 1939; x_wconf 93' lang='lat' dir='ltr'>in</span> <span class='ocrx_word' id='word_1_189' title='bbox 506 1897 762 1951; x_wconf 85' lang='lat' dir='ltr'>praefatione</span> <span class='ocrx_word' id='word_1_190' title='bbox 797 1897 918 1939; x_wconf 89' lang='lat' dir='ltr'>aliter</span> <span class='ocrx_word' id='word_1_191' title='bbox 958 1898 1082 1952; x_wconf 88' lang='lat' dir='ltr'>atque</span> <span class='ocrx_word' id='word_1_192' title='bbox 1121 1898 1163 1939; x_wconf 93' lang='lat' dir='ltr'>in</span> <span class='ocrx_word' id='word_1_193' title='bbox 1202 1897 1319 1940; x_wconf 79' lang='lat' dir='ltr'>textu</span> <span class='ocrx_word' id='word_1_194' title='bbox 1352 1896 1664 1939; x_wconf 88' lang='lat' dir='ltr'>constituendas</span> 
     </span>
     <span class='ocr_line' id='line_1_25' title="bbox 156 1965 1664 2021; baseline 0 -15"><span class='ocrx_word' id='word_1_195' title='bbox 156 1977 250 2008; x_wconf 89' lang='lat' dir='ltr'>esse</span> <span class='ocrx_word' id='word_1_196' title='bbox 292 1965 389 2007; x_wconf 82' lang='lat' dir='ltr'>duxi</span> <span class='ocrx_word' id='word_1_197' title='bbox 421 1966 491 2008; x_wconf 92' lang='lat' dir='ltr'>uel</span> <span class='ocrx_word' id='word_1_198' title='bbox 523 1966 761 2008; x_wconf 88' lang='lat' dir='ltr'>accuratius</span> <span class='ocrx_word' id='word_1_199' title='bbox 794 1966 1012 2020; x_wconf 86' lang='lat' dir='ltr'>explicaui,</span> <span class='ocrx_word' id='word_1_200' title='bbox 1043 1967 1221 2021; x_wconf 89' lang='lat' dir='ltr'>paginae</span> <span class='ocrx_word' id='word_1_201' title='bbox 1253 1978 1471 2008; x_wconf 90' lang='lat' dir='ltr'>numerum</span> <span class='ocrx_word' id='word_1_202' title='bbox 1505 1965 1664 2008; x_wconf 83' lang='lat' dir='ltr'>adieci:</span> 
     </span>
    </p>
   </div>
   <div class='ocr_carea' id='block_1_4' title="bbox 136 2074 1681 2674">
    <p class='ocr_par' dir='ltr' id='par_1_5' title="bbox 166 2074 1020 2103">
     <span class='ocr_line' id='line_1_26' title="bbox 166 2074 1020 2103; baseline 0.004 -3"><span class='ocrx_word' id='word_1_203' title='bbox 166 2074 230 2101; x_wconf 64' lang='lat'><strong>1³⁸8·</strong></span> <span class='ocrx_word' id='word_1_204' title='bbox 955 2076 1020 2103; x_wconf 74' lang='lat'><strong>1³⁸8·</strong></span> 
     </span>
    </p>

    <p class='ocr_par' dir='ltr' id='par_1_6' title="bbox 159 2112 1681 2217">
     <span class='ocr_line' id='line_1_27' title="bbox 159 2112 1567 2160; baseline 0.003 -14"><span class='ocrx_word' id='word_1_205' title='bbox 159 2112 192 2154; x_wconf 81' lang='lat'>4,</span> <span class='ocrx_word' id='word_1_206' title='bbox 241 2113 261 2147; x_wconf 89' lang='grc'><strong>9</strong></span> <span class='ocrx_word' id='word_1_207' title='bbox 286 2113 421 2158; x_wconf 69' lang='lat' dir='ltr'>inquit]</span> <span class='ocrx_word' id='word_1_208' title='bbox 470 2113 595 2158; x_wconf 78' lang='lat' dir='ltr'>inquis</span> <span class='ocrx_word' id='word_1_209' title='bbox 643 2114 741 2160; x_wconf 86' lang='lat' dir='ltr'>lege,</span> <span class='ocrx_word' id='word_1_210' title='bbox 782 2114 889 2159; x_wconf 85' lang='lat' dir='ltr'>praef.</span> <span class='ocrx_word' id='word_1_211' title='bbox 929 2115 985 2156; x_wconf 89' lang='lat'>22,</span> <span class='ocrx_word' id='word_1_212' title='bbox 1034 2115 1055 2150; x_wconf 90' lang='grc'>8</span> <span class='ocrx_word' id='word_1_213' title='bbox 1081 2116 1298 2151; x_wconf 76' lang='lat' dir='ltr'>acutissimo</span> <span class='ocrx_word' id='word_1_214' title='bbox 1324 2115 1360 2156; x_wconf 87' lang='grc'>1.,</span> <span class='ocrx_word' id='word_1_215' title='bbox 1386 2126 1418 2160; x_wconf 91' lang='lat' dir='ltr'>p.</span> <span class='ocrx_word' id='word_1_216' title='bbox 1445 2115 1567 2150; x_wconf 85' lang='lat' dir='ltr'>XXVI.</span> 
     </span>
     <span class='ocr_line' id='line_1_28' title="bbox 282 2168 1681 2217; baseline -0.001 -13"><span class='ocrx_word' id='word_1_217' title='bbox 282 2168 408 2205; x_wconf 88' lang='lat' dir='ltr'>XXIII.</span> <span class='ocrx_word' id='word_1_218' title='bbox 929 2172 985 2213; x_wconf 84' lang='lat'>24,</span> <span class='ocrx_word' id='word_1_219' title='bbox 1013 2173 1053 2207; x_wconf 96' lang='grc'>11</span> <span class='ocrx_word' id='word_1_220' title='bbox 1078 2173 1161 2217; x_wconf 75' lang='lat' dir='ltr'>filii]</span> <span class='ocrx_word' id='word_1_221' title='bbox 1188 2173 1284 2216; x_wconf 76' lang='lat' dir='ltr'>tilios</span> <span class='ocrx_word' id='word_1_222' title='bbox 1308 2172 1399 2213; x_wconf 70' lang='lat' dir='ltr'>fort,</span> <span class='ocrx_word' id='word_1_223' title='bbox 1425 2172 1468 2207; x_wconf 82' lang='lat' dir='ltr'>cf.</span> <span class='ocrx_word' id='word_1_224' title='bbox 1488 2183 1522 2216; x_wconf 87' lang='lat' dir='ltr'>p.</span> <span class='ocrx_word' id='word_1_225' title='bbox 1539 2171 1681 2206; x_wconf 84' lang='lat' dir='ltr'>XXIIII.</span> 
     </span>
    </p>

    <p class='ocr_par' dir='ltr' id='par_1_7' title="bbox 158 2226 1678 2331">
     <span class='ocr_line' id='line_1_29' title="bbox 158 2226 1655 2274; baseline 0.003 -15"><span class='ocrx_word' id='word_1_226' title='bbox 158 2226 191 2267; x_wconf 88' lang='lat'>4,</span> <span class='ocrx_word' id='word_1_227' title='bbox 220 2226 262 2260; x_wconf 87' lang='grc'>15</span> <span class='ocrx_word' id='word_1_228' title='bbox 282 2227 496 2272; x_wconf 75' lang='lat' dir='ltr'>possumus]</span> <span class='ocrx_word' id='word_1_229' title='bbox 536 2228 725 2273; x_wconf 76' lang='lat' dir='ltr'>possimus</span> <span class='ocrx_word' id='word_1_230' title='bbox 773 2229 808 2271; x_wconf 93' lang='grc'>1.,</span> <span class='ocrx_word' id='word_1_231' title='bbox 857 2240 889 2273; x_wconf 88' lang='lat' dir='ltr'>p.</span> <span class='ocrx_word' id='word_1_232' title='bbox 928 2229 984 2271; x_wconf 80' lang='lat'>24,</span> <span class='ocrx_word' id='word_1_233' title='bbox 1010 2229 1054 2263; x_wconf 87' lang='lat'>25</span> <span class='ocrx_word' id='word_1_234' title='bbox 1081 2241 1132 2264; x_wconf 80' lang='grc' dir='ltr'>(ιη</span> <span class='ocrx_word' id='word_1_235' title='bbox 1148 2244 1193 2260; x_wconf 85' lang='grc'>--</span> <span class='ocrx_word' id='word_1_236' title='bbox 1211 2242 1330 2274; x_wconf 76' lang='lat' dir='ltr'>quam,</span> <span class='ocrx_word' id='word_1_237' title='bbox 1358 2229 1398 2264; x_wconf 84' lang='lat' dir='ltr'>cf.</span> <span class='ocrx_word' id='word_1_238' title='bbox 1423 2241 1457 2274; x_wconf 84' lang='lat' dir='ltr'>p.</span> <span class='ocrx_word' id='word_1_239' title='bbox 1481 2228 1655 2264; x_wconf 79' lang='lat' dir='ltr'>XXXIIII.</span> 
     </span>
     <span class='ocr_line' id='line_1_30' title="bbox 283 2282 1678 2331; baseline 0.003 -15"><span class='ocrx_word' id='word_1_240' title='bbox 283 2282 428 2318; x_wconf 88' lang='lat' dir='ltr'>XXIIII.</span> <span class='ocrx_word' id='word_1_241' title='bbox 929 2287 984 2327; x_wconf 77' lang='lat'>25,</span> <span class='ocrx_word' id='word_1_242' title='bbox 1013 2287 1055 2321; x_wconf 90' lang='lat'>12</span> <span class='ocrx_word' id='word_1_243' title='bbox 1080 2298 1154 2321; x_wconf 74' lang='lat' dir='ltr'>non</span> <span class='ocrx_word' id='word_1_244' title='bbox 1172 2287 1402 2331; x_wconf 72' lang='lat' dir='ltr'>mereremur]</span> <span class='ocrx_word' id='word_1_245' title='bbox 1422 2286 1463 2322; x_wconf 83' lang='lat' dir='ltr'>cf.</span> <span class='ocrx_word' id='word_1_246' title='bbox 1478 2298 1509 2330; x_wconf 92' lang='lat' dir='ltr'>p.</span> <span class='ocrx_word' id='word_1_247' title='bbox 1524 2285 1678 2320; x_wconf 79' lang='lat' dir='ltr'>XXXVI.</span> 
     </span>
    </p>

    <p class='ocr_par' dir='ltr' id='par_1_8' title="bbox 159 2340 1553 2445">
     <span class='ocr_line' id='line_1_31' title="bbox 159 2340 1553 2388; baseline 0.002 -14"><span class='ocrx_word' id='word_1_248' title='bbox 159 2340 192 2381; x_wconf 84' lang='lat'>7,</span> <span class='ocrx_word' id='word_1_249' title='bbox 219 2340 261 2374; x_wconf 88' lang='lat'>15</span> <span class='ocrx_word' id='word_1_250' title='bbox 285 2340 426 2386; x_wconf 79' lang='lat' dir='ltr'>fuerat]</span> <span class='ocrx_word' id='word_1_251' title='bbox 453 2341 572 2384; x_wconf 74' lang='lat' dir='ltr'>fuerit</span> <span class='ocrx_word' id='word_1_252' title='bbox 604 2342 638 2383; x_wconf 93' lang='grc'>1.,</span> <span class='ocrx_word' id='word_1_253' title='bbox 664 2353 696 2387; x_wconf 92' lang='lat' dir='ltr'>p.</span> <span class='ocrx_word' id='word_1_254' title='bbox 722 2341 770 2382; x_wconf 87' lang='lat' dir='ltr'>V;</span> <span class='ocrx_word' id='word_1_255' title='bbox 811 2344 892 2387; x_wconf 85' lang='lat' dir='ltr'>post</span> <span class='ocrx_word' id='word_1_256' title='bbox 929 2344 983 2387; x_wconf 84' lang='lat'>26,</span> <span class='ocrx_word' id='word_1_257' title='bbox 1011 2344 1053 2378; x_wconf 86' lang='grc'>19</span> <span class='ocrx_word' id='word_1_258' title='bbox 1080 2345 1297 2388; x_wconf 72' lang='lat' dir='ltr'>Thimothee]</span> <span class='ocrx_word' id='word_1_259' title='bbox 1326 2344 1508 2378; x_wconf 76' lang='lat' dir='ltr'>Timotlwe</span> <span class='ocrx_word' id='word_1_260' title='bbox 1533 2344 1553 2378; x_wconf 93' lang='lat'>1.</span> 
     </span>
     <span class='ocr_line' id='line_1_32' title="bbox 282 2398 1461 2445; baseline 0.003 -14"><span class='ocrx_word' id='word_1_261' title='bbox 282 2398 420 2432; x_wconf 67' lang='lat' dir='ltr'>missus</span> <span class='ocrx_word' id='word_1_262' title='bbox 447 2408 581 2433; x_wconf 83' lang='lat' dir='ltr'>comma</span> <span class='ocrx_word' id='word_1_263' title='bbox 609 2398 800 2435; x_wconf 86' lang='lat' dir='ltr'>intercidit.</span> <span class='ocrx_word' id='word_1_264' title='bbox 929 2402 985 2442; x_wconf 90' lang='lat'>26,</span> <span class='ocrx_word' id='word_1_265' title='bbox 1011 2401 1054 2436; x_wconf 83' lang='lat'>25</span> <span class='ocrx_word' id='word_1_266' title='bbox 1082 2401 1148 2445; x_wconf 77' lang='lat' dir='ltr'>tm]</span> <span class='ocrx_word' id='word_1_267' title='bbox 1178 2405 1264 2435; x_wconf 73' lang='lat' dir='ltr'>tuae</span> <span class='ocrx_word' id='word_1_268' title='bbox 1288 2402 1321 2441; x_wconf 80' lang='lat' dir='ltr'>l..</span> <span class='ocrx_word' id='word_1_269' title='bbox 1348 2412 1379 2445; x_wconf 89' lang='lat' dir='ltr'>p.</span> <span class='ocrx_word' id='word_1_270' title='bbox 1406 2400 1461 2435; x_wconf 79' lang='lat' dir='ltr'>VI.</span> 
     </span>
    </p>

    <p class='ocr_par' dir='ltr' id='par_1_9' title="bbox 160 2453 1677 2503">
     <span class='ocr_line' id='line_1_33' title="bbox 160 2453 1677 2503; baseline 0.003 -16"><span class='ocrx_word' id='word_1_271' title='bbox 160 2453 192 2495; x_wconf 90' lang='lat'>8,</span> <span class='ocrx_word' id='word_1_272' title='bbox 218 2453 259 2487; x_wconf 92' lang='lat'>31</span> <span class='ocrx_word' id='word_1_273' title='bbox 282 2455 404 2500; x_wconf 80' lang='lat' dir='ltr'>passi]</span> <span class='ocrx_word' id='word_1_274' title='bbox 431 2454 472 2490; x_wconf 81' lang='lat' dir='ltr'>cf.</span> <span class='ocrx_word' id='word_1_275' title='bbox 498 2466 530 2499; x_wconf 92' lang='lat' dir='ltr'>p.</span> <span class='ocrx_word' id='word_1_276' title='bbox 556 2454 702 2491; x_wconf 87' lang='lat' dir='ltr'>XXIIII.</span> <span class='ocrx_word' id='word_1_277' title='bbox 928 2459 983 2499; x_wconf 82' lang='lat'>27,</span> <span class='ocrx_word' id='word_1_278' title='bbox 1012 2459 1053 2492; x_wconf 81' lang='lat'>14</span> <span class='ocrx_word' id='word_1_279' title='bbox 1074 2459 1274 2503; x_wconf 61' lang='lat' dir='ltr'>proscribis</span> <span class='ocrx_word' id='word_1_280' title='bbox 1300 2458 1354 2493; x_wconf 88' lang='lat' dir='ltr'>uel</span> <span class='ocrx_word' id='word_1_281' title='bbox 1375 2457 1611 2502; x_wconf 76' lang='lat' dir='ltr'>proferretis,</span> <span class='ocrx_word' id='word_1_282' title='bbox 1646 2468 1677 2501; x_wconf 90' lang='lat' dir='ltr'>p.</span> 
     </span>
    </p>

    <p class='ocr_par' dir='ltr' id='par_1_10' title="bbox 138 2510 1234 2558">
     <span class='ocr_line' id='line_1_34' title="bbox 138 2510 1234 2558; baseline 0.005 -14"><span class='ocrx_word' id='word_1_283' title='bbox 138 2510 193 2551; x_wconf 91' lang='grc'>11,</span> <span class='ocrx_word' id='word_1_284' title='bbox 241 2510 262 2544; x_wconf 89' lang='grc'><strong>3</strong></span> <span class='ocrx_word' id='word_1_285' title='bbox 288 2522 446 2555; x_wconf 73' lang='lat' dir='ltr'>quonam</span> <span class='ocrx_word' id='word_1_286' title='bbox 472 2513 590 2558; x_wconf 80' lang='lat' dir='ltr'>modo]</span> <span class='ocrx_word' id='word_1_287' title='bbox 618 2513 659 2548; x_wconf 88' lang='lat' dir='ltr'>cf.</span> <span class='ocrx_word' id='word_1_288' title='bbox 687 2525 718 2558; x_wconf 86' lang='lat' dir='ltr'>p.</span> <span class='ocrx_word' id='word_1_289' title='bbox 744 2513 867 2549; x_wconf 77' lang='lat' dir='ltr'>XXXI.</span> <span class='ocrx_word' id='word_1_290' title='bbox 1075 2514 1234 2550; x_wconf 80' lang='lat' dir='ltr'>XXVIII.</span> 
     </span>
    </p>

    <p class='ocr_par' dir='ltr' id='par_1_11' title="bbox 138 2566 1377 2628">
     <span class='ocr_line' id='line_1_35' title="bbox 138 2566 1377 2628; baseline 0.004 -27"><span class='ocrx_word' id='word_1_291' title='bbox 138 2567 193 2609; x_wconf 88' lang='lat'>15,</span> <span class='ocrx_word' id='word_1_292' title='bbox 219 2566 261 2602; x_wconf 93' lang='grc'>21</span> <span class='ocrx_word' id='word_1_293' title='bbox 287 2569 388 2613; x_wconf 73' lang='lat' dir='ltr'>smlt]</span> <span class='ocrx_word' id='word_1_294' title='bbox 415 2569 494 2605; x_wconf 79' lang='lat' dir='ltr'>sint</span> <span class='ocrx_word' id='word_1_295' title='bbox 518 2570 552 2611; x_wconf 86' lang='lat' dir='ltr'>L,</span> <span class='ocrx_word' id='word_1_296' title='bbox 578 2581 611 2614; x_wconf 88' lang='lat' dir='ltr'>p.</span> <span class='ocrx_word' id='word_1_297' title='bbox 636 2570 677 2605; x_wconf 85' lang='lat' dir='ltr'>V.</span> <span class='ocrx_word' id='word_1_298' title='bbox 908 2572 984 2628; x_wconf 63' lang='lat'>128,</span> <span class='ocrx_word' id='word_1_299' title='bbox 1010 2572 1054 2607; x_wconf 90' lang='grc'><strong>23</strong></span> <span class='ocrx_word' id='word_1_300' title='bbox 1078 2574 1131 2616; x_wconf 76' lang='lat' dir='ltr'>ut]</span> <span class='ocrx_word' id='word_1_301' title='bbox 1159 2571 1200 2607; x_wconf 84' lang='lat' dir='ltr'>cf.</span> <span class='ocrx_word' id='word_1_302' title='bbox 1227 2583 1259 2617; x_wconf 91' lang='lat' dir='ltr'>p.</span> <span class='ocrx_word' id='word_1_303' title='bbox 1284 2571 1377 2606; x_wconf 87' lang='lat' dir='ltr'>XIII.</span> 
     </span>
    </p>

    <p class='ocr_par' dir='ltr' id='par_1_12' title="bbox 136 2623 1676 2674">
     <span class='ocr_line' id='line_1_36' title="bbox 136 2623 1676 2674; baseline 0.003 -16"><span class='ocrx_word' id='word_1_304' title='bbox 136 2624 190 2665; x_wconf 87' lang='lat'>15,</span> <span class='ocrx_word' id='word_1_305' title='bbox 215 2623 259 2659; x_wconf 92' lang='grc'><strong>23</strong></span> <span class='ocrx_word' id='word_1_306' title='bbox 285 2625 497 2672; x_wconf 75' lang='lat' dir='ltr'>deliyerent]</span> <span class='ocrx_word' id='word_1_307' title='bbox 525 2627 567 2662; x_wconf 87' lang='lat' dir='ltr'>cf.</span> <span class='ocrx_word' id='word_1_308' title='bbox 593 2638 626 2672; x_wconf 90' lang='lat' dir='ltr'>p.</span> <span class='ocrx_word' id='word_1_309' title='bbox 654 2627 765 2662; x_wconf 86' lang='lat' dir='ltr'>XXX.</span> <span class='ocrx_word' id='word_1_310' title='bbox 908 2629 983 2672; x_wconf 66' lang='lat'>⁸30,</span> <span class='ocrx_word' id='word_1_311' title='bbox 1008 2630 1049 2664; x_wconf 93' lang='lat'>21</span> <span class='ocrx_word' id='word_1_312' title='bbox 1079 2630 1276 2674; x_wconf 72' lang='lat' dir='ltr'>demorari]</span> <span class='ocrx_word' id='word_1_313' title='bbox 1319 2630 1595 2664; x_wconf 81' lang='lat' dir='ltr'>demoraremur</span> <span class='ocrx_word' id='word_1_314' title='bbox 1644 2630 1676 2667; x_wconf 82' lang='grc'>1.,</span> 
     </span>
    </p>
   </div>
   <div class='ocr_carea' id='block_1_5' title="bbox 135 2659 1258 2730">
    <p class='ocr_par' dir='ltr' id='par_1_13' title="bbox 135 2659 1258 2730">
     <span class='ocr_line' id='line_1_37' title="bbox 135 2659 1258 2730; baseline 0.004 -14"><span class='ocrx_word' id='word_1_315' title='bbox 135 2683 190 2723; x_wconf 81' lang='lat'>15,</span> <span class='ocrx_word' id='word_1_316' title='bbox 215 2682 257 2716; x_wconf 89' lang='lat'>31</span> <span class='ocrx_word' id='word_1_317' title='bbox 284 2686 343 2717; x_wconf 79' lang='lat' dir='ltr'>eat</span> <span class='ocrx_word' id='word_1_318' title='bbox 363 2683 455 2730; x_wconf 80' lang='lat' dir='ltr'>(ad)</span> <span class='ocrx_word' id='word_1_319' title='bbox 481 2685 634 2730; x_wconf 71' lang='lat' dir='ltr'>diabolz]</span> <span class='ocrx_word' id='word_1_320' title='bbox 662 2685 703 2720; x_wconf 87' lang='lat' dir='ltr'>cf.</span> <span class='ocrx_word' id='word_1_321' title='bbox 730 2697 761 2729; x_wconf 89' lang='lat' dir='ltr'>p.</span> <span class='ocrx_word' id='word_1_322' title='bbox 783 2659 911 2722; x_wconf 63' lang='lat' dir='ltr'>vnn!</span> <span class='ocrx_word' id='word_1_323' title='bbox 1076 2697 1108 2730; x_wconf 89' lang='lat' dir='ltr'>p.</span> <span class='ocrx_word' id='word_1_324' title='bbox 1133 2685 1258 2721; x_wconf 85' lang='lat' dir='ltr'>XXIII.</span> 
     </span>
    </p>
   </div>
   <div class='ocr_carea' id='block_1_6' title="bbox 132 2714 1677 2902">
    <p class='ocr_par' dir='ltr' id='par_1_14' title="bbox 132 2714 1677 2902">
     <span class='ocr_line' id='line_1_38' title="bbox 135 2714 1677 2816; baseline 0.003 -46"><span class='ocrx_word' id='word_1_325' title='bbox 135 2737 190 2779; x_wconf 83' lang='lat'>17,</span> <span class='ocrx_word' id='word_1_326' title='bbox 215 2737 260 2772; x_wconf 85' lang='lat'>29</span> <span class='ocrx_word' id='word_1_327' title='bbox 287 2740 380 2784; x_wconf 80' lang='lat' dir='ltr'>tuos]</span> <span class='ocrx_word' id='word_1_328' title='bbox 408 2744 451 2775; x_wconf 84' lang='lat' dir='ltr'>ut</span> <span class='ocrx_word' id='word_1_329' title='bbox 475 2752 543 2776; x_wconf 74' lang='lat' dir='ltr'>nos</span> <span class='ocrx_word' id='word_1_330' title='bbox 569 2742 603 2783; x_wconf 92' lang='grc'>1.,</span> <span class='ocrx_word' id='word_1_331' title='bbox 629 2753 660 2786; x_wconf 92' lang='lat' dir='ltr'>p.</span> <span class='ocrx_word' id='word_1_332' title='bbox 685 2741 844 2778; x_wconf 86' lang='lat' dir='ltr'>XXXIII.</span> <span class='ocrx_word' id='word_1_333' title='bbox 907 2714 983 2816; x_wconf 46' lang='lat'>⁶38,</span> <span class='ocrx_word' id='word_1_334' title='bbox 1011 2743 1052 2777; x_wconf 91' lang='grc'>17</span> <span class='ocrx_word' id='word_1_335' title='bbox 1079 2754 1129 2778; x_wconf 78' lang='grc' dir='ltr'>(ιη</span> <span class='ocrx_word' id='word_1_336' title='bbox 1154 2742 1309 2789; x_wconf 74' lang='grc' dir='ltr'><strong>7109&lt;α3)</strong></span> <span class='ocrx_word' id='word_1_337' title='bbox 1338 2741 1456 2789; x_wconf 51' lang='lat' dir='ltr'>uest),</span> <span class='ocrx_word' id='word_1_338' title='bbox 1493 2742 1601 2787; x_wconf 77' lang='lat' dir='ltr'>quod]</span> <span class='ocrx_word' id='word_1_339' title='bbox 1628 2754 1677 2776; x_wconf 81' lang='lat' dir='ltr'>an</span> 
     </span>
     <span class='ocr_line' id='line_1_39' title="bbox 135 2794 1601 2844; baseline 0.004 -16"><span class='ocrx_word' id='word_1_340' title='bbox 135 2794 190 2835; x_wconf 88' lang='lat'>18,</span> <span class='ocrx_word' id='word_1_341' title='bbox 217 2794 259 2829; x_wconf 87' lang='lat'>12</span> <span class='ocrx_word' id='word_1_342' title='bbox 283 2796 459 2833; x_wconf 72' lang='lat' dir='ltr'>Marcion</span> <span class='ocrx_word' id='word_1_343' title='bbox 484 2798 532 2843; x_wconf 79' lang='lat' dir='ltr'>se]</span> <span class='ocrx_word' id='word_1_344' title='bbox 559 2797 601 2834; x_wconf 86' lang='lat' dir='ltr'>cf.</span> <span class='ocrx_word' id='word_1_345' title='bbox 626 2810 658 2843; x_wconf 94' lang='lat' dir='ltr'>p.</span> <span class='ocrx_word' id='word_1_346' title='bbox 685 2798 827 2835; x_wconf 85' lang='lat' dir='ltr'>XXIIII.</span> <span class='ocrx_word' id='word_1_347' title='bbox 1075 2800 1213 2834; x_wconf 71' lang='lat' dir='ltr'>necne?</span> <span class='ocrx_word' id='word_1_348' title='bbox 1238 2800 1335 2844; x_wconf 77' lang='lat' dir='ltr'>quod</span> <span class='ocrx_word' id='word_1_349' title='bbox 1360 2801 1394 2839; x_wconf 91' lang='grc'>1.,</span> <span class='ocrx_word' id='word_1_350' title='bbox 1420 2811 1451 2844; x_wconf 88' lang='lat' dir='ltr'>p.</span> <span class='ocrx_word' id='word_1_351' title='bbox 1478 2799 1601 2834; x_wconf 85' lang='lat' dir='ltr'>XXIII.</span> 
     </span>
     <span class='ocr_line' id='line_1_40' title="bbox 132 2817 1530 2902; baseline 0.003 -16"><span class='ocrx_word' id='word_1_352' title='bbox 132 2850 188 2893; x_wconf 90' lang='grc'>22,</span> <span class='ocrx_word' id='word_1_353' title='bbox 236 2852 258 2887; x_wconf 93' lang='grc'><strong>3</strong></span> <span class='ocrx_word' id='word_1_354' title='bbox 283 2854 472 2899; x_wconf 79' lang='lat' dir='ltr'>quomodo]</span> <span class='ocrx_word' id='word_1_355' title='bbox 500 2853 540 2890; x_wconf 84' lang='lat' dir='ltr'>cf.</span> <span class='ocrx_word' id='word_1_356' title='bbox 567 2866 598 2900; x_wconf 88' lang='lat' dir='ltr'>p.</span> <span class='ocrx_word' id='word_1_357' title='bbox 626 2855 750 2891; x_wconf 89' lang='lat' dir='ltr'>XXXI.</span> <span class='ocrx_word' id='word_1_358' title='bbox 906 2817 982 2897; x_wconf 65' lang='grc'><strong>138,</strong></span> <span class='ocrx_word' id='word_1_359' title='bbox 1009 2856 1052 2891; x_wconf 87' lang='grc'><strong>25</strong></span> <span class='ocrx_word' id='word_1_360' title='bbox 1077 2857 1212 2902; x_wconf 70' lang='lat' dir='ltr'>uenirt]</span> <span class='ocrx_word' id='word_1_361' title='bbox 1243 2856 1285 2892; x_wconf 85' lang='lat' dir='ltr'>cs.</span> <span class='ocrx_word' id='word_1_362' title='bbox 1310 2868 1342 2901; x_wconf 89' lang='lat' dir='ltr'>p.</span> <span class='ocrx_word' id='word_1_363' title='bbox 1367 2856 1530 2891; x_wconf 80' lang='lat' dir='ltr'>XXVIIII</span> 
     </span>
    </p>
   </div>
  </div>
 </body>
</html>
