1934 3278
336 261 418 302 124
991 261 1187 296 Luciferi

334 389 476 430 nostri.
510 388 602 441 quis
622 388 709 428 tam
732 400 879 429 uecors
904 388 979 437 est,
1004 388 1073 441 qui
1091 388 1195 429 uelit
1217 389 1436 442 corruptus
1462 402 1484 430 a
1499 390 1540 432 te
1563 391 1602 432 in
1624 392 1836 434 aeternum

334 458 498 511 perire?
540 457 608 510 qui
640 456 744 497 nolit
773 456 978 497 manendo
1018 456 1058 497 in
1090 457 1332 510 integritate
1363 459 1574 511 proximus
1606 460 1699 501 fieri
1731 461 1838 502 deo?

335 540 408 568 cur
429 529 533 568 haec
558 526 630 567 aut
649 526 738 579 ipse
759 525 896 566 fecisti
920 526 992 566 aut
1007 539 1080 568 nos
1104 526 1241 568 facere
1263 527 1403 568 fueras
1425 529 1659 581 conpellere
1685 533 1838 571 ausus?

334 596 535 649 numquid
575 608 654 636 non
693 595 858 647 legeras
902 594 1053 636 dixisse
1092 595 1133 635 in
1164 595 1269 637 libro
1303 595 1540 649 Sapientiae
1573 597 1837 640 Salomonem

337 664 389 705 ad
430 665 574 705 deum:
622 666 720 706 deus
756 667 992 716 pareutum
1031 667 1069 705 et
1106 664 1274 706 domine
1312 665 1727 721 misericordiarum,
1766 668 1839 719 qui

334 734 471 786 fecisti
512 734 658 774 omnia
697 733 820 774 uerbo
860 736 950 783 tuo,
992 736 1027 774 et
1064 734 1281 786 sapientia
1321 735 1576 776 eonstituisti
1615 735 1837 784 hominem,

336 806 383 845 ut
413 803 652 845 dominetur
683 805 902 844 creaturae
933 816 1038 855 quae
1068 816 1094 843 a
1118 805 1153 844 te
1175 803 1293 855 facta
1315 806 1385 855 est,
1417 806 1464 844 iit
1486 804 1685 857 disponat
1706 805 1839 846 orbem

335 875 547 913 terrarum
569 872 618 912 iu
639 872 808 912 iustitia
825 875 861 913 et
880 872 1089 924 aequitate
1105 875 1142 913 et
1158 873 1206 913 m
1223 873 1450 914 directione
1469 874 1607 914 animi
1630 875 1838 916 iudicium

334 941 510 993 iudicet,
560 940 600 981 et
629 940 803 982 iterum:
849 941 1029 982 docuisti
1058 941 1272 993 populum
1313 945 1431 983 tuum
1470 956 1549 994 per
1578 942 1668 984 alia
1699 956 1839 995 opera,

335 1011 537 1063 quonium
568 1013 722 1062 oportet
751 1010 911 1051 iustum
943 1023 1026 1051 esse
1048 1013 1084 1051 et
1115 1010 1364 1064 humanum,
1388 1014 1424 1052 et
1446 1011 1576 1052 bonae
1596 1013 1686 1064 spei
1706 1012 1840 1065 fecisti

335 1079 448 1133 filios
482 1080 603 1121 tuos?
634 1091 725 1129 non,
760 1079 943 1132 inquam,
976 1080 1079 1120 haec
1104 1079 1259 1132 scripta
1280 1079 1514 1129 inuenems,
1542 1080 1637 1135 <ut>
1665 1081 1841 1123 auderes

337 1148 391 1189 ad
430 1148 591 1189 tantam
632 1160 859 1201 prouocare
907 1161 980 1189 nos
1028 1148 1404 1189 inhumanitatem?
1466 1149 1671 1201 quomodo
1710 1151 1842 1191 bonae

337 1218 424 1271 spei
477 1218 551 1258 filii
605 1218 788 1259 erimus?
859 1217 1065 1271 quomodo
1117 1218 1248 1259 iustos
1296 1230 1368 1258 nos
1421 1218 1461 1258 et
1503 1218 1705 1259 humanos
1750 1219 1842 1259 ante

338 1286 462 1327 deum
506 1299 648 1328 seruos
687 1287 799 1328 illius
848 1287 1151 1337 exhibebimus‚
1201 1299 1295 1327 cum
1335 1287 1693 1339 praeuaricatores
1736 1288 1843 1340 legis

337 1368 471 1408 neque
503 1356 602 1397 iusti
634 1369 767 1409 neque
800 1356 875 1396 filii
909 1355 974 1396 dei
1000 1356 1220 1397 dicantur?
1272 1367 1476 1408 cognosce
1508 1355 1649 1408 itaque
1685 1368 1707 1396 a
1731 1356 1842 1409 quali

337 1437 412 1466 nos
448 1426 604 1481 (bono)
640 1425 822 1466 uolueris
855 1425 1094 1477 pertrahere
1129 1425 1179 1465 ad
1203 1425 1379 1466 mortem
1414 1425 1455 1465 et
1487 1424 1654 1478 quidem
1688 1426 1842 1478 sempi-

336 1494 513 1535 ternam.
563 1493 767 1546 siquidem
812 1494 943 1535 omnis
984 1493 1053 1546 qui
1088 1493 1241 1534 desinit
1275 1505 1365 1534 esse
1397 1493 1504 1534 inter
1537 1506 1620 1535 eos.
1667 1507 1769 1546 quos
1801 1494 1841 1534 in

337 1561 517 1603 filiorum
569 1562 788 1615 adoptione
835 1563 1053 1604 uocauerit
1095 1562 1217 1611 deus,
1267 1562 1320 1603 sit
1361 1562 1556 1603 amittens
1595 1563 1747 1604 uitam.
1792 1563 1845 1603 sit

339 1632 582 1684 perpetuam
623 1631 842 1684 possidens
885 1632 1075 1673 mortem.
1138 1644 1233 1671 cum
1273 1631 1402 1683 igitur
1445 1631 1535 1672 sitis
1577 1631 1741 1688 Arriani
1778 1630 1843 1671 in-

337 1700 507 1741 humani
547 1701 662 1753 impii
704 1700 896 1741 crudeles
938 1699 1186 1741 homicidae.
1237 1699 1442 1752 quomodo
1491 1699 1571 1740 dici
1619 1699 1843 1741 Christiani

338 1770 558 1822 poteritis?
592 1770 664 1811 sed
699 1771 740 1811 et
772 1782 866 1811 cum
899 1770 1060 1822 negotis
1095 1768 1306 1810 Christum
1339 1769 1507 1809 unicum
1541 1768 1606 1809 dei
1639 1768 1771 1809 filium
1806 1769 1846 1808 et

339 1838 618 1879 confiteamini
654 1839 884 1880 credidisse
917 1851 991 1879 uos
1013 1838 1053 1878 in
1078 1838 1381 1887 antichristum,
1414 1837 1522 1878 unde
1548 1838 1618 1878 aut
1640 1836 1846 1890 quomodo

338 1919 414 1948 uos
446 1908 635 1959 poteritis
660 1908 814 1950 Christi
836 1907 1009 1960 probare
1034 1918 1190 1956 seruos,
1225 1919 1319 1946 cum
1342 1905 1659 1947 manifestaritis
1682 1906 1847 1947 uosmet

338 1976 482 2016 uestra
503 1975 756 2029 professione
781 1988 871 2017 esse
893 1976 1072 2017 famulos
1097 1974 1358 2016 antichristi?
1392 1974 1660 2015 antichristus
1681 1975 1845 2018 etenim.

340 2043 379 2083 in
414 2057 536 2096 quem
570 2045 715 2085 Arrius
747 2044 987 2085 crediderit.
1028 2056 1072 2084 re
1114 2055 1216 2084 uera
1246 2044 1345 2095 fuit,
1385 2044 1555 2094 quaudo
1586 2056 1673 2084 nou
1703 2043 1847 2095 fuerit.

342 2112 487 2152 contra
518 2113 657 2154 noster
690 2113 876 2153 saluator
910 2112 1101 2153 dominus
1134 2124 1180 2153 ac
1216 2111 1318 2152 deus
1355 2111 1422 2152 dci
1453 2111 1600 2151 unicus
1623 2111 1735 2151 filius
1769 2123 1846 2152 non

344 2180 419 2230 est,
452 2181 497 2218 ut
527 2181 572 2221 tu
596 2181 672 2231 uis,
698 2181 928 2225 Constanti.
962 2181 1167 2222 creatura.
1202 2180 1275 2221 sed
1308 2180 1372 2220 est
1394 2180 1584 2220 dominus
1607 2180 1846 2226 creaturae;

345 2247 408 2286 est
440 2246 635 2287 aeternus
665 2250 999 2299 inaestimabilis
1034 2249 1144 2289 sicut
1167 2249 1229 2288 est
1253 2249 1293 2288 et
1315 2249 1433 2289 cuius
1461 2248 1524 2289 est
1546 2247 1679 2294 filius;
1712 2247 1848 2287 induit

343 2325 442 2353 sane
474 2315 705 2365 perfectum
737 2316 945 2356 hominem
977 2316 1215 2357 nouissimis
1248 2317 1395 2357 diebus
1428 2315 1478 2356 de
1510 2316 1627 2357 utero
1660 2315 1846 2368 uirginis,

345 2381 417 2422 sed
451 2382 491 2421 et
523 2394 617 2422 cum
651 2384 907 2434 suscepisset
937 2384 1160 2431 hominem,
1194 2385 1292 2425 talis
1327 2385 1390 2424 ost
1421 2383 1680 2424 inmutabilis
1714 2384 1846 2424 incor-

480 2506 499 2538 5
526 2506 606 2550 Sap.
632 2506 663 2540 9.
693 2506 780 2539 1——3
874 2506 894 2539 9
921 2505 967 2539 ib.
996 2506 1049 2546 12,
1079 2506 1119 2539 19

412 2623 432 2655 9
454 2625 539 2664 post
566 2620 696 2654 iudicet
714 2631 790 2654 ras.
809 2623 831 2654 3
848 2620 918 2654 litt.
1016 2619 1058 2653 10
1075 2619 1263 2652 humanum
1281 2618 1462 2651 Latinius
1481 2621 1514 2651 et
1534 2617 1658 2660 LXX,
1678 2617 1849 2651 humanae

351 2693 381 2726 V
384 2704 400 2723 ι·
524 2672 622 2724 bonitp
642 2693 679 2729 (³¹e
707 2702 747 2724 m.
774 2692 858 2733 rec.)
1004 2689 1042 2722 ll
1071 2688 1178 2722 aihacc
1203 2687 1235 2730 (¹³i
1261 2698 1304 2721 m.
1333 2688 1416 2729 rec.)
1560 2688 1598 2719 ut
1622 2686 1760 2719 addidi

345 2749 387 2782 12
415 2747 597 2792 quomodo]
624 2759 704 2782 uero
739 2749 825 2782 add.
861 2759 887 2782 8.
916 2748 936 2781 I.
965 2760 1006 2781 m.
1032 2758 1100 2781 rec.
1127 2750 1161 2780 et
1185 2758 1205 2780 r
1346 2745 1387 2777 16
1413 2744 1504 2777 bono
1538 2744 1570 2777 V
1591 2755 1618 2777 s.
1653 2744 1673 2777 I.
1701 2755 1742 2777 m.
1770 2754 1851 2785 rec„

344 2829 403 2861 spe
431 2818 551 2851 malim
665 2817 706 2850 18
733 2799 923 2850 adolitiont}
950 2819 974 2858 (Ρ
999 2821 1032 2850 et
1060 2816 1078 2823 “
1100 2827 1143 2849 m.
1170 2816 1253 2857 ree.)
1366 2813 1565 2846 ammittens
1675 2811 1719 2845 23
1744 2812 1851 2845 niani-

340 2875 511 2908 festaritis
538 2875 684 2917 scripsi,
710 2865 944 2907 manifestetis
976 2874 1163 2915 Latinius,
1190 2871 1464 2905 manifestaretis
1499 2872 1546 2903 Va·
1680 2869 1722 2902 25
1741 2880 1791 2903 re*
1823 2874 1849 2913 (s

343 2942 453 2975 erus.)
549 2932 592 2964 27
611 2931 829 2986 constantius
857 2933 964 2974 (corr.
994 2944 1034 2965 m.
1061 2933 1144 2973 rec.)
1241 2929 1284 2963 29
1310 2939 1416 2962 sanae
1444 2940 1484 2962 m.
1512 2932 1530 2962 1

1862 1015 1893 1039 10

1865 1366 1894 1392 15

1867 2046 1899 2072 25
