1934 3278
263 239 348 283 214
919 235 1118 271 Luciferi

265 365 418 419 faciem
465 363 736 405 inimieorum
780 375 970 415 suorum,
1017 363 1145 404 dorsa
1185 365 1423 404 conuertent
1459 363 1508 404 in
1547 366 1764 416 conspeetu

262 434 542 487 inimieorum,
575 433 679 485 quia
708 432 813 485 faeti
844 434 942 473 sunt
972 432 1214 474 anatliema.
1265 445 1352 473 non
1382 445 1448 474 ero
1478 432 1598 473 ultra
1624 432 1764 474 uobis—

266 516 371 553 cum,
403 502 489 543 nisi
520 501 780 543 abstuleritis
811 501 1037 542 anatliema
1068 515 1117 543 ex
1148 501 1264 542 uobis
1292 501 1411 552 ipsis.
1443 513 1577 555 surye,
1604 501 1764 543 sancti-

265 573 348 626 fica
370 571 578 625 populum
609 573 645 612 et
683 571 761 620 die,
802 570 1086 623 sanctificetur
1126 570 1173 611 in
1211 570 1461 612 erastinum.
1512 568 1612 612 baec
1652 570 1764 611 enim

262 642 364 684 dicit
393 641 587 682 dominus
608 639 707 681 deus
728 638 892 681 Israel:
921 637 1150 680 anatliema
1181 641 1239 679 est
1269 638 1381 679 inter
1411 651 1499 690 uos,
1532 651 1619 679 non
1644 641 1761 690 pote·
1801 659 1816 682 5

264 711 360 753 ritis
398 711 587 751 resistere
631 711 777 750 eontra
815 708 1014 749 inimicos
1051 710 1209 748 uestros
1250 720 1378 760 usque
1416 707 1514 748 dum
1555 707 1765 760 auferatis

262 778 488 821 anathema
520 792 569 819 ex
602 778 717 819 uobis
745 777 865 830 ipsis.
899 780 938 818 et
968 778 1184 819 conuenite
1214 790 1338 818 mane
1361 789 1501 818 omnes
1514 790 1595 829 per
1616 776 1761 831 tribus,

263 853 298 892 et
329 849 406 890 erit
439 848 570 889 tribus
602 860 708 900 quae
739 849 904 888 ostensa
944 846 1074 898 fuerit
1113 858 1234 886 mane
1265 859 1348 898 per
1386 845 1527 895 deum,
1569 845 1765 887 adducite

258 932 336 971 per
359 916 510 969 plebes,
534 916 698 968 plebem
729 929 856 968 quam
887 915 1111 957 ostenderit
1134 915 1330 956 dominus
1352 916 1492 968 offerte
1504 928 1586 967 per
1605 915 1763 964 uirum,

261 990 297 1028 et
327 986 518 1039 quisquis
549 988 733 1025 ostensus
762 984 897 1037 fuerit
925 997 1008 1037 per
1039 984 1276 1038 dominum,
1319 983 1574 1026 cremabitur
1603 984 1696 1036 iani
1728 986 1763 1025 et

261 1055 404 1097 omnia
441 1067 547 1106 quae
589 1056 689 1095 sunt
727 1053 834 1106 eius,
882 1054 985 1105 quia
1030 1056 1318 1106 transgressus
1364 1055 1424 1094 est
1469 1054 1763 1094 testamentum

261 1123 422 1166 domini
452 1125 491 1164 et
519 1122 619 1174 feeit
649 1123 919 1176 iniquitatem
953 1123 998 1164 in
1030 1121 1181 1164 Israel.
1215 1125 1252 1164 et
1273 1121 1476 1176 uiqilauit
1498 1122 1617 1162 Iesus
1638 1134 1762 1162 mane

260 1196 297 1236 et
326 1192 473 1234 obtulit
496 1192 708 1244 populum
734 1205 812 1245 per
845 1192 997 1243 tribus,
1032 1194 1071 1233 et
1100 1194 1267 1233 ostensa
1297 1193 1358 1234 est
1387 1190 1521 1231 tribus
1551 1190 1678 1231 Iuda.
1725 1192 1763 1231 et

261 1261 392 1303 oblati
420 1262 520 1301 sunt
554 1273 631 1312 per
667 1260 822 1314 plebes,
870 1263 907 1301 et
938 1264 1104 1302 ostensa
1135 1263 1193 1301 est
1216 1259 1334 1312 plebs
1366 1260 1500 1301 Zara.
1549 1261 1587 1300 et
1616 1258 1763 1300 obtulit

254 1331 414 1386 plebem
435 1330 573 1370 Zarae
596 1342 679 1381 per
709 1329 867 1381 domus,
901 1332 938 1370 et
969 1332 1135 1371 ostensa
1165 1332 1222 1370 est
1253 1330 1401 1371 domus
1422 1326 1601 1370 lambri.
1634 1331 1670 1368 et
1692 1328 1760 1369 ob-
1801 1346 1814 1369 -,

257 1400 346 1442 lata
378 1402 434 1440 est
465 1398 613 1439 domus
635 1411 718 1450 per
748 1398 876 1451 uiros,
910 1401 946 1439 et
977 1402 1166 1440 ostensus
1197 1401 1258 1440 est
1278 1397 1423 1440 Ackar
1441 1397 1560 1451 silius
1584 1396 1762 1439 Charmi

256 1468 340 1522 filii
371 1467 549 1509 lambri.
583 1470 620 1508 et
650 1467 760 1508 dixit
791 1467 913 1509 Iesus
944 1467 1002 1508 acl
1023 1467 1191 1509 Aeliar:
1222 1467 1279 1508 da
1309 1467 1504 1508 honorem
1535 1466 1655 1509 hodie
1685 1467 1760 1508 do-

255 1538 370 1578 mino
392 1537 464 1578 deo
487 1534 624 1577 Israel
646 1538 682 1576 et
703 1536 758 1577 da
781 1536 1079 1589 confessionem
1101 1539 1140 1577 et
1168 1536 1318 1577 indica
1348 1535 1455 1576 mihi
1480 1535 1584 1588 quid
1613 1536 1760 1588 feceris

253 1608 292 1647 et
320 1618 370 1646 ne
402 1605 604 1646 celaueris
634 1617 709 1646 me.
757 1607 795 1645 et
830 1606 1046 1658 respondit
1086 1605 1233 1647 Aelzar
1272 1605 1328 1647 ad
1369 1605 1511 1646 Iesum
1548 1608 1584 1646 et
1623 1605 1759 1646 dixit:

252 1689 347 1718 uere
378 1675 557 1726 peccaui
598 1677 695 1715 ante
733 1677 993 1727 conspeetum
1034 1675 1195 1716 domini
1233 1676 1300 1717 dei
1332 1675 1488 1727 Israel,
1540 1673 1685 1715 taliter
1722 1676 1758 1715 et

253 1745 396 1787 taliter
425 1743 517 1796 feei.
550 1743 644 1784 uidi
674 1743 722 1784 in
746 1744 914 1795 praeda
946 1747 1100 1785 uestem
1122 1745 1294 1787 uariam
1317 1745 1521 1796 optimam
1543 1746 1579 1785 et
1602 1743 1756 1784 dueen-

254 1817 299 1854 ta
330 1812 495 1866 arqenti
532 1812 761 1866 didrayma
792 1815 831 1853 et
861 1813 1037 1866 liyulam
1067 1826 1201 1853 unam
1233 1826 1408 1854 auream
1439 1812 1758 1865 quinquaqinta

252 1882 585 1935 didraymorum,
631 1884 667 1921 et
706 1882 929 1933 concupiui
960 1895 1051 1922 eam
1081 1884 1116 1922 et
1148 1881 1315 1935 sustuli,
1349 1884 1385 1922 et
1415 1894 1500 1922 ecee
1530 1880 1631 1922 liaeo
1663 1881 1757 1921 abs-

260 1950 432 1993 condita
461 1952 563 1990 sunt
592 1950 640 1990 in
671 1950 939 1991 tabernaculo
970 1963 1055 1991 meo
1086 1954 1122 1991 et
1152 1953 1373 2004 argentum
1412 1950 1660 1991 absconsum
1700 1951 1759 1990 est

252 2019 325 2061 sub
356 2019 472 2071 ipsis,
513 2021 551 2059 et
580 2019 698 2059 misit
729 2018 848 2060 Iesus
879 2020 1073 2070 nuntios,
1105 2022 1145 2060 et
1174 2022 1447 2060 cucurrerunt
1477 2019 1525 2059 in
1557 2019 1755 2060 taberna-

255 2089 416 2138 culum,
457 2091 493 2130 et
524 2088 625 2130 haec
657 2092 778 2129 erant
809 2089 1052 2130 abscondita
1083 2090 1130 2129 in
1161 2088 1433 2130 tabernaculo
1466 2090 1504 2128 et
1534 2089 1757 2141 aryentum

252 2158 325 2200 sub
356 2157 475 2210 ipsis.
521 2160 557 2198 et
588 2157 776 2199 tulerunt
806 2171 855 2198 ea
886 2158 934 2198 de
966 2158 1236 2199 tabernaculo
1268 2161 1305 2198 et
1335 2157 1572 2199 attuleruut
1601 2155 1658 2196 ad
1687 2155 1756 2196 Ie-

251 2238 341 2267 sum
389 2228 427 2265 et
470 2224 527 2267 ad
571 2226 754 2266 seniores
794 2226 933 2267 Israel
979 2229 1015 2266 et
1048 2230 1282 2278 posuerunt
1320 2240 1369 2267 ea
1406 2228 1503 2266 ante
1539 2225 1673 2265 deum.
1721 2227 1757 2265 et

250 2293 617 2347 adprehenderunt
646 2294 791 2336 Aeliar
818 2294 960 2348 filium
993 2294 1170 2336 Cha-rmi
1201 2298 1238 2335 et
1261 2295 1555 2347 perduxerunt
1585 2293 1633 2333 in
1658 2293 1755 2334 ual-

254 2362 291 2404 le
318 2362 467 2404 Aehar
497 2365 533 2404 et
563 2363 676 2415 filios
707 2364 796 2405 eius
825 2366 862 2404 et
890 2364 1006 2417 filias
1037 2367 1075 2404 et
1104 2364 1263 2405 uitulos
1295 2364 1383 2404 eius
1404 2366 1441 2403 et
1462 2362 1754 2403 subiunetoria

251 2432 339 2473 eius
378 2433 416 2472 et
454 2444 547 2472 oues
587 2432 676 2473 eius
715 2435 752 2473 et
782 2431 1105 2474 tabernaculum
1136 2433 1224 2474 eius
1255 2435 1292 2472 et
1321 2432 1467 2473 omnia
1497 2444 1603 2483 quae
1634 2433 1755 2472 erant

250 2500 350 2541 eius.
383 2502 417 2540 et
450 2500 584 2540 omnis
607 2501 745 2541 Israel
777 2514 870 2542 eum
902 2514 944 2542 eo
978 2504 1080 2554 erat,
1115 2504 1150 2542 et
1178 2500 1470 2552 perduxerunt
1501 2512 1565 2541 eos
1586 2499 1634 2540 in
1658 2499 1755 2539 Me-

251 2567 410 2609 caelior.
458 2571 493 2608 et
530 2568 643 2610 discit
681 2569 802 2611 Iesus
847 2570 904 2610 ad
942 2569 1112 2611 Achai:-
1160 2569 1261 2622 quid
1305 2569 1596 2610 exterminasti
1640 2568 1756 2609 nos?

319 2741 339 2774 9
367 2739 511 2774 aufferte
608 2742 648 2774 16
676 2741 781 2775 carmi
877 2742 918 2774 21
948 2741 1098 2775 ducenta
1123 2741 1271 2785 scripsi,
1297 2740 1465 2774 ducentos
1498 2741 1558 2778 Vc,
1586 2739 1753 2773 ducentos

251 2798 351 2832 siclos
385 2799 658 2843 Luyduneuses
798 2798 841 2832 22
877 2798 1059 2843 didragma
1091 2799 1240 2843 scripsi,
1274 2797 1492 2841 didragmam
1523 2797 1583 2839 Vv,
1616 2795 1754 2840 didrag-

252 2865 381 2888 marum
407 2866 426 2889 v
522 2854 564 2887 23
591 2865 630 2888 ea
658 2856 839 2890 Latinius
936 2856 979 2889 29
1006 2856 1111 2890 carmi
1205 2855 1332 2889 uallem
1357 2866 1376 2889 v

1784 1001 1816 1025 10

1777 1690 1813 1715 20

1776 2033 1809 2058 25

1774 2378 1808 2403 30
