1934 3278
303 226 388 269 :204
962 226 1158 261 Luciferi

305 355 463 408 ceperit
492 354 629 396 Adam
660 368 733 408 per
764 353 977 396 fallaciam
1011 355 1051 395 et
1081 354 1229 404 Euam,
1262 353 1418 395 idcirco
1450 354 1659 407 pertulisti
1690 368 1808 396 men-

307 424 486 475 dacium,
519 425 566 465 ut
597 437 670 466 nos
703 424 762 465 sic
795 423 1173 474 circumscriberes,
1208 422 1414 476 quomodo
1436 423 1810 477 circumscripserit

307 492 497 534 diabolus
528 492 823 546 primoplastos
854 492 1064 534 homines:
1104 492 1151 532 tu
1185 491 1347 533 dixisti:
1381 492 1580 535 damnate
1611 492 1808 534 Athana-

306 562 432 614 sium,
465 562 567 614 quia
596 562 792 615 yrauiter
822 561 1014 615 deliquit,
1049 561 1247 614 alioquin
1269 561 1318 602 in
1340 563 1462 602 reatu
1484 561 1603 603 eritis
1625 562 1810 603 maximo

306 630 423 683 apud
454 631 588 672 deum.
623 631 824 683 suscipite
854 630 982 671 Arrii
1013 629 1150 682 fidem,
1183 632 1221 670 et
1251 630 1406 671 ‘uiuetis
1437 630 1484 670 in
1516 633 1743 671 aeternum.

363 699 538 740 XXXII.
583 698 738 751 Accipe
780 711 886 751 quae
920 698 1045 739 etiam
1079 698 1391 740 amantissimus
1421 698 1497 740 tibi
1531 698 1642 740 circa
1676 699 1810 740 Adam

308 768 349 808 et
379 767 512 808 Euam
545 767 690 820 egerit,
740 767 782 808 et
822 767 1010 808 inuenies
1050 767 1153 808 haec
1194 767 1235 808 te
1276 779 1382 808 nunc
1416 779 1561 821 gerere
1594 768 1706 808 circa
1737 780 1810 809 nos

309 848 416 889 quae
451 837 492 877 et
521 836 593 877 ille
613 836 712 877 tunc
736 836 915 889 gesserit
937 836 1051 877 circa
1073 835 1181 877 illos.
1215 838 1254 878 et
1275 839 1411 886 erant,
1434 836 1569 889 inquit
1590 835 1631 877 in
1656 836 1808 879 Genesi

307 904 488 959 Moyses,
534 905 652 946 amabo
691 905 798 946 nudi
836 908 936 946 tunc
967 905 1110 946 Adam
1143 907 1180 946 et
1210 905 1363 946 mulier
1394 905 1494 959 eius,
1527 908 1563 946 et
1595 918 1681 946 non
1713 918 1810 947 con-

307 973 622 1026 fundebantum
652 986 820 1025 serpens
841 976 980 1015 autem
1003 976 1094 1014 erat
1114 973 1349 1025 sapientior
1370 974 1562 1015 omnibus
1583 974 1813 1015 bestiarum
1834 982 1864 1006 10

307 1055 413 1095 quae
443 1045 579 1094 erant,
615 1042 656 1083 et
686 1041 814 1083 infra:
846 1046 882 1083 et
903 1042 1016 1083 dixit
1036 1055 1204 1095 serpens
1227 1042 1424 1085 mulieri.-
1456 1043 1557 1095 quid
1579 1044 1682 1095 quia
1703 1043 1814 1083 dixit

307 1111 505 1152 dominus
535 1111 639 1153 deus
671 1124 721 1152 ne
752 1112 888 1153 edatis
919 1125 968 1152 esc
1000 1113 1115 1153 omni
1147 1112 1261 1165 Ziyno
1292 1112 1400 1164 quod
1432 1115 1488 1153 est
1510 1112 1558 1152 in
1574 1112 1814 1164 paradiso?

308 1183 345 1221 et
374 1180 490 1221 dixit
518 1180 674 1221 mulier
704 1181 912 1233 serpenti:
944 1195 992 1222 esc
1025 1181 1141 1222 omni
1175 1182 1287 1235 liyno
1318 1181 1429 1234 quod
1460 1184 1517 1223 est
1542 1182 1588 1222 in
1602 1181 1813 1234 paradiso

309 1248 486 1298 edemus,
525 1248 574 1289 cle
611 1248 754 1300 fructu
795 1251 934 1289 autem
966 1249 1075 1301 liyni
1113 1249 1224 1301 quod
1254 1251 1314 1290 est
1351 1250 1398 1290 vin
1430 1250 1563 1291 medio
1586 1250 1814 1302 paradiso,

307 1317 420 1358 dixit
450 1317 561 1370 deus,
602 1331 688 1359 non
719 1318 1033 1359 manducabitis
1072 1331 1121 1359 esc
1160 1331 1216 1369 eo,
1263 1319 1334 1359 sed
1376 1331 1450 1360 nec
1493 1319 1671 1372 tanyetis
1709 1324 1866 1370 eum,15

308 1399 360 1427 ne
391 1387 652 1428 moriamini.
703 1387 880 1428 dicimus
910 1387 986 1429 tibi
1017 1387 1112 1429 loco
1146 1387 1349 1440 serpentis
1381 1387 1651 1441 persuadenti
1682 1387 1813 1436 nobis,

308 1456 355 1495 ut
380 1455 670 1511 <in>auditum
691 1456 950 1506 damnemus,
973 1457 1021 1497 ut
1037 1457 1300 1498 innocentem
1319 1456 1577 1510 jugulemus:
1602 1456 1816 1509 praecepit

312 1524 504 1566 dominus
535 1524 799 1567 innocentem
842 1526 884 1567 et
922 1526 1078 1566 iustum
1119 1539 1197 1567 non
1228 1525 1577 1567 interficiendum.
1641 1528 1677 1566 et
1707 1525 1817 1566 dixit

308 1606 478 1646 serpens
508 1594 702 1636 mul-ieri.-
732 1608 819 1636 non
850 1595 1102 1637 moriemini.
1136 1595 1289 1636 sciebat
1320 1595 1430 1635 enim
1453 1594 1553 1635 deus
1584 1594 1688 1646 quia
1708 1607 1814 1646 qua-

308 1675 481 1715 cumque
513 1663 580 1704 die
611 1663 978 1705 manducaueritis
1013 1676 1062 1704 esc
1092 1676 1147 1717 eo,
1180 1663 1427 1715 aperientur
1461 1662 1570 1704 oculi
1602 1662 1747 1717 uestri,
1779 1665 1866 1702 et20

310 1731 429 1771 eritis
467 1732 578 1772 sicut
614 1732 678 1772 dii
716 1733 892 1774 scientes
931 1733 1083 1774 bonum
1121 1736 1157 1773 ct
1188 1732 1361 1773 malum.
1427 1732 1638 1773 dicentem
1670 1732 1813 1785 itaque

310 1798 437 1840 istum
461 1801 696 1853 serpentem
727 1814 800 1854 per
824 1802 864 1842 te
899 1801 951 1842 ad
982 1814 1077 1843 nos:
1110 1802 1248 1855 mayis
1279 1802 1399 1842 eritis
1420 1802 1536 1853 viusti,
1562 1801 1597 1842 si
1619 1800 1817 1853 fuderitis

308 1869 560 1921 sanquinem
591 1870 764 1924 iustum,
807 1871 942 1923 mayis
973 1871 1093 1911 eritis
1131 1870 1256 1920 beati,
1295 1871 1333 1911 si
1371 1870 1648 1922 apostolicam
1686 1882 1815 1910 euan-

307 1937 564 1991 9elicamque
586 1938 998 1981 anathematizantes
1018 1939 1145 1992 fidem
1171 1939 1415 1980 Arrianam
1436 1938 1704 1991 susceperitis
1718 1951 1815 1990 per-

307 2008 543 2061 fidiani÷÷÷÷÷÷
577 2008 765 2049 calcatur
804 2007 981 2061 propitio
1026 2007 1102 2049 deo
1142 2007 1183 2048 in
1220 2007 1262 2048 te
1305 2007 1472 2060 quidem
1512 2007 1595 2048 iam
1637 2019 1660 2047 a
1699 2006 1816 2048 nobis
1836 2014 1867 2040 25

309 2077 521 2118 fallaciam
552 2077 684 2130 ipsius
717 2076 958 2118 scientibus.
993 2076 1066 2118 sed
1097 2076 1174 2118 tibi
1204 2088 1278 2117 nos
1304 2076 1444 2117 dolere
1469 2076 1532 2117 est
1551 2075 1674 2116 testis
1697 2074 1813 2124 deus,

309 2146 530 2199 propterea
563 2146 673 2199 quod
704 2158 777 2199 per
808 2146 850 2186 te
883 2145 1018 2187 semet
1049 2145 1314 2186 constituerit
1355 2145 1407 2186 ad
1439 2157 1512 2186 nos
1545 2144 1813 2186 circumscri-

309 2213 489 2262 bendos3
513 2214 680 2255 constat
701 2214 854 2255 etenim
875 2214 973 2255 tunc
996 2226 1070 2267 per
1094 2213 1226 2255 semet
1246 2213 1384 2266 ipsum
1408 2213 1655 2267 adgressum
1680 2212 1815 2254 Adam

310 2282 352 2323 et
382 2282 527 2324 Euam.
571 2282 771 2336 deprecor
801 2283 843 2324 te
875 2295 925 2323 ne
956 2284 1059 2323 haec
1093 2282 1279 2336 grauiter
1315 2282 1498 2335 accipias
1530 2294 1636 2335 quae
1669 2281 1816 2322 salutis

309 2350 407 2392 tuae
440 2363 567 2393 causa
592 2351 865 2405 proferantur.
901 2351 1041 2393 dolere
1065 2351 1218 2392 etenim
1239 2351 1282 2392 te
1307 2350 1483 2392 arbitror
1506 2350 1615 2403 quod
1641 2349 1812 2391 dixerim
1836 2356 1869 2382 30

448 2487 468 2522 8
495 2486 580 2523 Gen.
608 2487 640 2529 2,
667 2488 710 2522 25
808 2488 846 2522 11
874 2487 920 2523 ib.
946 2487 979 2529 3,
1007 2487 1095 2522 1-3
1191 2488 1234 2524 18
1259 2487 1306 2523 ib.
1331 2486 1364 2527 3,
1390 2488 1423 2521 4.
1449 2487 1468 2520 5

379 2612 399 2646 6
417 2613 564 2657 accipite
585 2624 602 2648 υ
695 2613 715 2647 8
732 2613 854 2658 inquid
949 2613 990 2647 10
1009 2613 1159 2648 omniurn
1177 2613 1266 2656 fort.
1355 2612 1478 2646 bestiis
1495 2611 1588 2646 coni.
1607 2612 1639 2646 T
1637 2612 1726 2646 ilius

312 2669 354 2703 12
379 2669 550 2716 paradyso
647 2671 688 2704 14
714 2670 886 2716 paradyso
910 2672 949 2715 V,
974 2670 1128 2715 paradisi
1147 2682 1167 2705 v
1262 2670 1304 2704 17
1323 2669 1481 2704 auditum
1501 2668 1727 2725 damnaemus

310 2727 354 2762 22
378 2729 490 2773 magis
515 2748 560 2753 —
583 2729 714 2763 iustum
740 2729 796 2763 bis
822 2730 966 2764 eoehibet
1073 2728 1118 2762 24
1144 2727 1454 2762 anatimatizantes
1563 2726 1607 2759 25
1627 2729 1717 2770 post
1742 2737 1817 2770 pcr-

311 2785 431 2821 fidiam
463 2786 615 2820 uerbum
648 2786 755 2829 quale
787 2786 979 2830 respuimus
1014 2785 1250 2821 intercidisse
1281 2784 1437 2819 uidetur
1578 2782 1621 2817 26
1647 2782 1760 2817 delere
1788 2794 1815 2822 (17

313 2842 432 2878 dolore
462 2843 497 2878 V
