1934 3278
240 247 296 288 32
884 245 1080 279 Luciferi

236 372 512 419 tenebrarum,
563 372 700 424 mayis
739 374 879 413 autem
924 372 1176 426 redaryuite.
1233 373 1453 423 noluimus
1502 373 1601 426 quia
1631 374 1734 414 haec

235 440 436 482 mandata
458 442 754 495 acceperimus,
778 442 994 483 uobiscum
1014 441 1219 483 demorari
1239 442 1354 482 ducti
1374 442 1566 484 inanibus
1583 442 1737 483 uestris

235 509 387 559 uerbis,
421 522 470 550 ne
504 510 666 551 seilicet
695 510 858 551 ueniret
889 522 1010 563 super
1042 522 1115 551 nos
1145 511 1220 560 ira,
1254 511 1378 551 sicuti
1402 510 1527 552 etiam
1558 511 1674 552 uenit
1697 511 1738 551 et

235 578 413 619 uentura
445 579 508 620 est
537 579 578 620 in
610 592 698 629 uos,
730 579 770 619 in
802 579 843 619 te
877 579 1001 632 atque
1026 579 1134 628 tuos,
1167 579 1208 620 in
1231 592 1306 621 uos
1327 579 1437 621 filios
1465 579 1734 621 diffidentiae.

234 647 442 689 noluimus
476 647 584 689 effici
614 648 839 701 participes
859 648 1140 698 tenebrarum,
1174 649 1380 701 siquidem
1411 649 1495 689 iam
1519 648 1735 689 credentes

234 715 275 756 in
308 716 475 757 unicum
509 717 576 758 dei
607 717 740 758 filium
761 717 971 758 mandatis
995 717 1083 758 eius
1104 717 1338 758 maiestatis
1361 730 1507 770 parere
1529 717 1735 770 cupiendo

237 796 283 824 ex
314 785 397 826 illis
431 785 658 827 euadentes
679 786 862 827 tenebris
892 786 962 826 lux
988 786 1087 826 facti
1108 785 1310 826 fuerimus
1340 786 1381 827 in
1407 786 1593 833 domin03
1625 785 1735 826 unde

234 865 307 894 nec
326 854 535 895 mandatis
552 855 636 896 tuis
657 854 890 896 tenebrosis
911 855 1185 907 paruerimus,
1206 854 1303 907 quia
1319 855 1468 896 fuisset
1484 854 1735 896 sceleratum

234 920 341 963 filios
371 923 478 963 lucis
508 924 627 964 tuum
659 923 797 964 facere
822 936 922 976 opus
943 924 1166 974 tenebrosi,
1202 924 1299 977 quia
1321 924 1362 965 et
1383 923 1545 965 fructus
1568 922 1736 963 luminis

234 991 287 1031 sit
320 992 532 1033 ambulare
564 993 605 1033 in
636 992 798 1033 iustitia
830 993 872 1033 et
902 992 1080 1034 ueritate
1114 994 1154 1034 et
1183 993 1225 1033 in
1258 993 1367 1034 omni
1398 993 1597 1034 bonitate.

289 1061 378 1102 XV.
401 1060 516 1102 Dicis
532 1073 606 1102 nos
628 1061 766 1102 facere
787 1060 940 1113 inique.
965 1061 1075 1113 quod
1092 1061 1272 1102 nolimus
1294 1062 1500 1102 haeresim
1524 1061 1735 1114 suscipere

231 1130 361 1179 tuam,
396 1129 506 1182 quod
538 1142 617 1170 non
649 1130 790 1170 tecum
824 1130 947 1182 atque
980 1142 1075 1170 cum
1100 1129 1184 1170 tuis
1219 1130 1412 1171 aeternae
1443 1130 1598 1171 fuerint
1628 1130 1734 1170 fixae

234 1199 456 1240 amicitiae.
520 1199 661 1251 accipe
695 1198 804 1251 quod
827 1198 967 1239 Moses
1002 1198 1149 1239 fecerit
1182 1199 1231 1239 de
1266 1199 1511 1252 alienigenis
1532 1199 1733 1251 tempore,

233 1280 312 1320 quo
343 1268 486 1309 iubere
520 1268 584 1309 est
616 1268 652 1308 ei
686 1267 880 1320 dignatus
913 1268 1028 1317 deus,
1062 1268 1107 1308 ut
1138 1267 1309 1308 mittens
1332 1268 1493 1308 certum
1516 1279 1734 1308 numerum

231 1337 520 1378 Israelitarum
562 1349 630 1378 ore
670 1337 799 1389 gladii
839 1337 1093 1389 perdidisset
1125 1337 1305 1389 quinque
1338 1335 1507 1377 Madiae
1539 1347 1660 1388 reges
1694 1336 1735 1375 et

230 1406 377 1453 Moab3
411 1406 480 1458 qui
515 1405 712 1446 destinati
746 1405 797 1445 ad
828 1405 1032 1458 proelium
1064 1405 1295 1446 interfectis
1319 1404 1510 1446 omnibus
1532 1404 1731 1453 maribus,

231 1475 342 1528 quod
390 1475 504 1516 sexui
551 1475 813 1527 pepercerint
852 1474 1030 1515 femineo
1069 1474 1316 1519 occurrenti,
1365 1473 1554 1526 increpat
1592 1474 1733 1514 Moses

231 1543 363 1584 Israel
413 1543 547 1585 filios.
601 1555 674 1584 cur
726 1556 804 1584 non
858 1543 983 1584 etiam
1035 1556 1179 1584 sexum
1228 1542 1453 1583 femineum
1508 1542 1732 1592 delessent,

231 1613 272 1653 et
303 1613 419 1653 iubet
450 1624 590 1653 coram
623 1624 666 1653 se
701 1612 870 1653 easdem
901 1611 1093 1661 interfici.
1138 1611 1362 1652 adfirmans
1396 1611 1506 1664 quod
1539 1611 1646 1651 enim
1682 1610 1734 1651 ad

228 1680 343 1722 idola
377 1680 589 1722 adoranda
619 1681 790 1733 possent
829 1681 971 1734 populi
1012 1681 1182 1722 inlicere
1215 1680 1390 1722 mentes.
1454 1681 1487 1721 si
1519 1680 1660 1732 itaque
1695 1680 1735 1720 et

229 1762 302 1790 nos
336 1749 393 1790 sic
429 1762 670 1790 execramur
710 1750 917 1790 haeresim
955 1751 1072 1790 tuam
1112 1750 1158 1790 ut
1189 1750 1330 1790 Moses
1361 1748 1657 1791 idololatriam.
1700 1748 1734 1789 si

231 1819 288 1859 sic
325 1819 365 1859 et
397 1818 566 1871 quidem
599 1818 665 1859 dei
697 1818 838 1871 gladio
871 1818 1051 1859 interfici
1085 1819 1303 1871 cupiamus
1325 1819 1521 1859 haereses
1544 1818 1727 1858 omnium

231 1887 465 1927 uestrorum
499 1886 737 1928 errantium.
781 1887 987 1939 quomodo
1033 1887 1074 1927 et
1112 1887 1254 1928 Moses
1286 1887 1381 1927 illas
1412 1887 1536 1927 idolis
1567 1886 1730 1926 manci-

227 1955 361 2008 patas,
396 1955 429 1996 si
460 1955 520 1995 ita
550 1968 626 1997 uos
659 1955 868 2008 fugiamus
900 1955 1114 2008 religionis
1156 1956 1222 1996 dei
1265 1955 1541 2003 aduersarios,
1585 1955 1630 1995 ut
1660 1955 1732 1995 ille

229 2025 336 2077 fugit
366 2024 574 2065 idolorum
607 2025 802 2066 cultores.
839 2025 1031 2065 existima
1053 2037 1126 2066 nos
1148 2024 1286 2066 facere
1312 2026 1426 2065 recte
1452 2023 1730 2065 abstrahendo
1778 2044 1786 2059 ›

228 2095 389 2134 nosmet
423 2106 444 2133 a
476 2093 607 2134 uobis.
671 2093 877 2145 quomodo
919 2093 1071 2133 etenim
1112 2094 1333 2134 conuenire
1366 2093 1482 2135 nobis
1514 2093 1733 2134 uobiscum

226 2163 440 2215 potuerat,
489 2175 584 2203 oum
619 2162 670 2203 ad
709 2163 996 2215 Philippenses
1039 2163 1207 2203 dixerit:
1250 2164 1386 2204 uidete
1426 2175 1561 2209 canes,
1595 2162 1732 2204 uidete

227 2231 360 2272 malos
381 2232 628 2283 operarios?
661 2244 736 2272 uos
758 2244 896 2280 canes,
920 2231 1052 2272 malos
1077 2231 1287 2284 operarios
1310 2232 1402 2284 quis
1426 2231 1492 2272 dei
1515 2243 1730 2272 seruorum

228 2313 306 2341 non
339 2300 503 2353 fugeret
542 2300 619 2341 nisi
653 2300 722 2353 qui
756 2313 799 2341 se
831 2313 909 2341 non
942 2301 1203 2341 meminisset
1236 2300 1545 2342 Christianum?
1597 2299 1728 2347 uobis,

229 2369 458 2410 aduersarii
493 2369 559 2410 dei
590 2369 817 2422 religionis.
860 2370 970 2410 serui
1005 2369 1158 2411 Christi
1200 2370 1469 2422 potueramus
1504 2379 1593 2408 esse
1626 2380 1727 2408 con-

226 2437 369 2487 iuncti,
403 2450 496 2478 cum
533 2438 770 2479 exhortetur
803 2438 929 2479 Iudas
960 2438 1167 2491 gloriosus
1201 2438 1414 2491 apostolus
1436 2436 1564 2477 frater
1588 2436 1730 2477 Iacobi

364 2572 406 2605 27
433 2572 522 2607 Phil.
549 2572 580 2607 3.
607 2573 628 2606 2

296 2698 334 2730 11
363 2698 533 2731 noluimus
562 2710 578 2731 υ
689 2698 730 2732 12
756 2705 896 2733 aeterne
1007 2700 1048 2732 13
1074 2699 1250 2733 amiticiae
1362 2698 1401 2730 14
1429 2699 1459 2732 ei
1486 2698 1649 2742 dignatus
1677 2701 1729 2732 est

225 2767 245 2788 v
370 2755 411 2787 15
436 2754 692 2788 israhelitarum
823 2756 865 2790 18
891 2757 1017 2790 israhel
1146 2756 1253 2789 eciam
1383 2755 1594 2789 delenissent
1622 2768 1638 2789 υ

223 2811 267 2844 25
295 2811 452 2845 existima
478 2812 624 2854 scripsi,
652 2812 827 2846 existimas
858 2814 907 2847 Ῑύ
1047 2824 1108 2847 nos
1140 2814 1179 2853 V,
1207 2823 1268 2846 nos
1294 2823 1363 2845 non
1392 2824 1408 2846 υ
1547 2812 1590 2846 ‘26
1616 2812 1731 2856 uobis]

225 2867 324 2901 nobis
419 2868 461 2900 ‘27
488 2868 686 2911 filippenses
781 2869 825 2902 30
851 2869 1058 2903 aduersariis
1084 2870 1219 2912 malim,
1245 2872 1291 2911 cf.
1314 2881 1350 2913 p.
1378 2872 1437 2905 24.
1466 2873 1506 2903 11

1758 998 1790 1022 10

1755 1348 1788 1373 15

1754 1694 1787 1717 20

1749 2378 1784 2402 30
