1934 3278
395 252 448 286 De
474 263 543 287 non
566 252 740 296 parcendo
766 253 800 286 in
827 252 927 287 deum
954 253 1248 297 delinquentibus.
1493 257 1577 298 225

75 382 115 424 si
144 381 254 423 male
284 393 460 434 ayerem,
493 380 583 421 iam
612 380 660 421 in
691 392 755 421 me
783 379 883 421 deus
912 379 1091 422 dedisset
1117 380 1369 434 uindictam,
1403 381 1478 423 sed
1499 394 1576 435 po-

74 451 159 493 tius
190 451 363 492 obsecro
393 447 541 490 uideas
573 449 742 501 captum
772 448 816 490 te
849 447 1024 490 detineri
1058 462 1082 490 a
1113 448 1301 498 diabolo,
1343 449 1383 491 in
1418 451 1506 491 eius
1535 452 1578 492 te

77 520 230 573 degere
270 518 501 572 potestate.
545 517 668 558 sicuti
703 518 744 558 et
774 517 834 558 illi
866 528 1001 570 reges,
1036 530 1211 570 quorum
1245 531 1412 571 operam
1446 520 1577 561 [osias

75 588 319 642 persecutus
353 587 416 628 est
444 598 527 627 rex.

43 673 58 698 ⁵
132 656 248 699 VIII.
282 655 365 697 Cur
385 655 668 708 blasphemias
701 667 942 696 execremur
972 657 1080 704 tuas,
1115 668 1188 697 cur
1217 656 1466 698 resistamus
1496 657 1578 698 ini-

76 727 168 780 quis
200 724 575 779 conspirationibus
606 724 704 774 tuis,
745 724 939 766 uidemur
969 725 1044 766 tibi
1079 737 1170 766 esse
1201 724 1402 767 iniuriosi.
1443 725 1502 767 sie
1537 727 1578 767 et

76 795 258 843 Iudaeis,
291 806 465 847 quorum
491 793 678 835 imitator
700 805 757 837 es,
790 793 1041 835 uidebantur
1072 793 1378 843 contumeliosi,
1413 795 1579 848 superbi

76 864 327 907 sanctissimi
370 863 596 916 prophetae
638 862 956 916 beatissimique
1000 863 1189 916 apostoli.
1236 863 1278 903 in
1313 863 1420 905 libro
1450 863 1579 906 Amos

76 933 323 987 prophetae,
371 936 408 973 et
438 933 575 985 misit,
616 931 770 986 inquit,
811 932 1017 974 Amasias
1046 933 1239 974 sacerdos
1268 933 1318 974 iri
1348 933 1498 975 Bethel
1528 933 1586 975 ad

26 1014 59 1040 10
76 1002 330 1044 Hieroboam
368 1014 502 1055 reyem
540 1001 679 1043 Israel
718 1002 884 1043 dicens:
928 1004 1178 1044 conuentum
1214 1003 1322 1055 facit
1357 1002 1584 1044 aduersum

76 1074 113 1112 te
142 1071 272 1112 Amos
310 1071 360 1112 in
399 1070 539 1113 media
575 1070 696 1112 domo
736 1071 898 1121 Israel;
944 1083 1031 1112 riori
1065 1072 1224 1123 poterit
1263 1074 1378 1112 terra
1407 1071 1586 1123 sufferre

76 1140 203 1182 uerba
224 1141 326 1193 eius,
351 1142 528 1192 propter
558 1140 669 1192 quod
697 1139 797 1181 hacc
828 1139 934 1181 dicit
953 1140 1109 1182 Amos:
1138 1141 1186 1181 in
1214 1140 1360 1195 yladio
1380 1141 1586 1182 morietur

77 1210 351 1260 Hieroboam,
397 1209 535 1251 Israel
575 1213 714 1251 autem
756 1209 954 1262 captiuus
992 1210 1166 1253 ducetur
1204 1224 1232 1251 a
1261 1213 1376 1252 terra
1405 1223 1500 1252 sua.
1549 1213 1587 1251 et

76 1279 186 1322 dixit
216 1279 420 1321 Amasias
450 1279 507 1320 ad
529 1281 683 1321 Amos.-
713 1279 833 1330 uadc,
865 1279 1026 1321 discede
1056 1281 1104 1321 in
1134 1282 1293 1322 terram
1316 1279 1433 1321 Iuda
1461 1282 1498 1321 et
1528 1279 1588 1321 ibi

29 1360 63 1386 ιο
78 1360 333 1390 commorare
362 1351 400 1389 et
428 1348 488 1389 ibi
510 1348 799 1401 prophetabis.
848 1349 896 1390 in
916 1348 1068 1391 Bethel
1099 1351 1238 1390 autem
1268 1348 1358 1390 iam
1387 1362 1475 1391 non
1507 1348 1585 1390 ad-

80 1418 176 1459 icies
205 1417 480 1471 prophetare,
527 1417 629 1469 quia
668 1417 951 1470 sanctificatio
991 1418 1101 1471 reyis
1131 1420 1193 1459 est
1221 1420 1258 1458 et
1288 1418 1436 1459 domus
1467 1418 1587 1471 requi

76 1487 165 1529 crit.
198 1489 238 1527 et
265 1485 480 1538 respondit
500 1486 631 1528 Amos
660 1489 698 1527 et
728 1486 840 1527 dixit
869 1487 926 1528 ad
947 1486 1199 1528 Amasiam:
1230 1499 1317 1528 riou
1337 1499 1456 1528 eram
1477 1499 1585 1539 pro-

71 1555 202 1608 pheta
231 1568 362 1608 neque
391 1554 509 1607 filius
531 1554 766 1608 prophetae
795 1568 889 1596 sum
921 1567 1003 1609 eqo,
1037 1554 1108 1597 sed
1123 1558 1275 1608 pastor
1294 1569 1412 1597 eram
1432 1568 1587 1609 capra-

77 1638 174 1666 rum
212 1624 438 1679 uellicans,
486 1628 522 1665 et
559 1625 799 1678 adsumpsit
834 1638 898 1666 me
928 1624 1124 1666 dominus
1153 1625 1202 1666 de
1232 1625 1380 1667 ouibus
1409 1627 1448 1666 et
1477 1624 1588 1666 dixit

29 1694 137 1736 mad
165 1705 256 1735 me:
299 1694 408 1735 uade
441 1693 694 1747 prophetare
732 1694 782 1735 iri
819 1693 979 1747 plebem
1017 1707 1154 1736 meam
1190 1693 1343 1735 Israel.
1397 1696 1435 1735 et
1473 1706 1589 1734 nunc

79 1763 184 1804 audi
214 1762 385 1804 uerbum
416 1763 602 1806 domini:
633 1766 678 1804 tu
708 1763 839 1805 dicis.-
871 1776 958 1805 nori
981 1763 1254 1816 prophetabis
1284 1763 1332 1805 in
1363 1762 1518 1817 Israel,
1551 1765 1587 1804 et

79 1845 167 1874 nori
194 1832 514 1886 conyreyabitur
542 1832 592 1873 iri
621 1833 740 1874 domo
770 1832 910 1874 Iacob.
941 1836 1117 1885 propter
1146 1832 1218 1874 hoc
1248 1831 1349 1873 haec
1379 1831 1482 1873 dicit
1513 1831 1586 1872 do-

79 1901 224 1943 minus
252 1901 375 1943 deus.-
405 1914 513 1943 uxor
544 1904 620 1943 tua
650 1902 698 1943 in
728 1902 898 1944 ciuitate
921 1902 1135 1955 prostabit
1166 1904 1203 1943 et
1223 1901 1307 1955 filii
1327 1902 1394 1942 tui
1414 1904 1452 1944 et
1470 1900 1589 1955 filiae

82 1972 179 2013 tuae
210 1969 355 2025 yladio
392 1971 602 2023 decident,
648 1974 762 2013 terra
794 1973 870 2013 tua
898 1970 1093 2023 funiculo
1126 1970 1351 2022 metibitur‚
1398 1973 1435 2011 et
1465 1973 1511 2011 tu
1540 1969 1590 2011 in

30 2049 63 2076 εδ
82 2041 196 2081 terra
239 2040 452 2081 inmunda
490 2041 703 2095 morieris,
753 2040 892 2083 Israel
931 2043 1074 2082 autem
1112 2041 1310 2094 captiuus
1347 2039 1523 2081 ducetur
1562 2052 1590 2079 a

83 2110 196 2150 terra
225 2123 317 2152 sua.
370 2122 465 2151 cum
496 2111 600 2152 haec
634 2123 726 2152 esse
764 2110 879 2152 facta
908 2110 1067 2152 uideris
1100 2111 1150 2152 ab
1183 2122 1230 2151 eo
1263 2109 1333 2163 qui
1365 2107 1588 2150 ueritatem

83 2178 126 2220 et
154 2179 458 2233 correptionem
488 2180 640 2234 populo
672 2192 746 2222 suo
779 2181 933 2222 erranti
964 2180 1158 2222 uoluerat
1186 2178 1381 2228 nuntiari,
1415 2189 1489 2219 cur
1521 2176 1588 2217 di-

83 2259 155 2290 cas
179 2260 254 2290 nos
283 2249 524 2299 insolentes,
558 2261 632 2290 cur
663 2249 1003 2299 contumeliosos,
1037 2249 1136 2302 quia
1158 2261 1263 2302 quae
1291 2247 1387 2290 sunt
1409 2245 1587 2288 erratico

82 2316 157 2359 tibi
196 2329 299 2359 uera
337 2317 548 2368 dicamus,
596 2318 695 2371 quia
732 2331 811 2360 non
847 2318 965 2359 tuam
1003 2317 1222 2359 audiamus
1260 2328 1408 2358 uocem
1442 2315 1587 2356 dicen-

34 2385 192 2429 antem:
222 2386 353 2428 nolite
381 2386 546 2428 credere
582 2386 710 2428 sicuti
747 2386 1015 2428 crediderunt
1045 2386 1326 2439 patriarchae
1360 2383 1590 2437 prophetae

86 2454 264 2507 apostoli
294 2468 344 2497 ac
373 2458 593 2508 martyres,
629 2455 701 2497 sed
729 2455 882 2497 credite
912 2455 1111 2508 quomodo
1141 2455 1365 2497 tradiderit
1396 2454 1591 2496 Arrius?

86 2522 126 2564 in
157 2523 309 2576 quibus
337 2524 463 2565 rebus
496 2523 605 2577 apud
634 2524 679 2565 te
710 2523 876 2577 superbi
909 2524 1174 2566 inuenimur?
1203 2522 1282 2565 nisi
1314 2523 1354 2564 in
1377 2523 1453 2563 hoe
1478 2520 1589 2575 quod

222 2683 243 2717 9
267 2683 374 2716 Amos
401 2683 433 2724 7,
460 2683 592 2717 10—17

158 2829 176 2864 7
203 2830 398 2864 imitatores
428 2831 468 2871 V,
496 2831 692 2866 imitatores
719 2831 803 2865 estis
830 2843 848 2865 v
943 2832 981 2865 11
1010 2833 1044 2864 te
1075 2831 1115 2868 V.
1142 2842 1196 2865 me
1224 2843 1241 2866 υ
1335 2831 1378 2865 24
1405 2830 1593 2865 metebitur

88 2898 109 2922 v
199 2886 243 2921 32
268 2889 352 2931 aput

159 2954 266 2991 XIIII.
1415 2958 1457 2991 15
