1934 3278
1602 299 1682 329 XXI

186 419 280 449 nius
319 420 347 448 a
390 407 466 448 uia
510 407 732 450 ueritatis'.
784 407 885 448 haec
933 406 1086 449 Latinii
1131 408 1370 450 coniectura
1416 409 1682 463 simplicitate

187 475 519 526 commendatur,
564 487 660 516 cum
703 487 799 517 suos
836 474 907 516 uix
945 475 1110 518 defendi
1149 477 1300 529 possit3
1352 490 1447 519 nam
1489 478 1541 520 ad
1582 480 1682 522 sub-

186 544 342 586 iectum
372 544 589 596 scriptura
617 545 769 585 sancta
797 542 940 585 referri
972 544 1126 598 nequit.
1161 544 1271 598 quod
1293 545 1381 599 ipse
1402 546 1562 588 tentaui
1594 550 1685 590 tuos

187 613 221 655 si
252 625 331 655 non
371 613 536 663 falsum,
580 612 623 654 at
653 612 923 654 artificiosum
964 613 1027 654 631
1061 616 1168 667 (tuos
1199 613 1224 654 i.
1259 627 1293 655 e.
1327 614 1395 668 qui
1433 615 1494 656 tui
1526 615 1682 658 similes

185 682 314 734 311111.)
347 707 402 712 -
438 681 530 732 190,
562 682 588 723 8
619 681 706 722 nisi
746 682 918 722 ueniam
957 682 1200 734 facinorum
1232 685 1400 725 tuorum
1431 684 1599 726 credens
1634 686 1681 726 in

184 763 277 792 eum
308 764 427 803 quem
457 749 657 804 ne9a[n]s
686 749 819 802 fueris
853 752 1105 802 consecutus,
1146 751 1263 792 toties
1292 752 1493 793 merearis
1515 755 1682 805 percuti

181 819 338 874 yladio.
393 817 626 859 cauendum
666 817 741 867 est,
782 830 833 859 ne
873 817 1062 871 suppleto
1101 819 1229 860 uerbo
1261 832 1322 869 es,
1364 820 1474 873 quod
1516 821 1681 875 saepius

186 887 321 929 omitti
350 900 388 941 p.
421 887 506 928 360
537 886 866 936 obseruauimus,
907 886 1045 928 locum
1088 887 1271 941 expediri
1303 888 1463 939 credas,
1496 890 1678 932 ceterum

184 956 332 998 eodem
363 955 486 997 modo
519 955 700 996 erratum
733 967 824 996 esse
865 955 961 1005 316,
984 956 1039 998 25
1060 969 1134 997 nos
1155 970 1257 1009 quos
1285 959 1519 1014 torque[n]s
1541 958 1682 1000 lanias

184 1025 384 1078 interficis
422 1023 617 1065 indicaui.
650 1050 705 1054 —
736 1024 832 1075 217,
865 1024 919 1066 23
950 1025 1057 1066 dicis
1087 1025 1163 1067 ncs
1188 1026 1439 1081 petulantes,
1481 1029 1678 1080 quoniam

182 1094 349 1147 quidem
387 1093 498 1146 quod
538 1092 662 1148 es[t]
708 1093 782 1135 tibi
822 1094 1027 1138 dicamus.
1078 1094 1312 1147 praecedit:
1345 1109 1451 1148 quae
1481 1098 1516 1138 te
1545 1098 1683 1150 facere

184 1163 394 1204 cernimus
425 1161 524 1203 haec
557 1164 600 1203 te
630 1162 854 1203 dicimus
887 1163 939 1216 (te
969 1162 1151 1205 dicimus
1183 1150 1416 1213 emendaui,
1456 1164 1682 1219 didicimus

182 1231 253 1283 V),
283 1231 393 1284 quod
422 1244 464 1271 es
493 1229 567 1271 hoc
598 1233 635 1271 te
666 1243 750 1272 esse
780 1230 1014 1273 clamamus
1051 1232 1092 1273 et
1122 1231 1188 1272 hic
1221 1232 1385 1286 generis
1417 1232 1551 1274 neutri
1583 1246 1682 1275 usus

183 1298 398 1341 sollemnis
429 1299 494 1340 est
527 1298 595 1353 (cf.
629 1299 745 1352 369).
776 1324 832 1330 —
862 1300 958 1350 251,
991 1300 1017 1342 6
1054 1303 1099 1341 tu
1135 1301 1246 1355 [tp'bi’
1278 1301 1507 1343 arbitraris
1536 1306 1682 1344 contu-

183 1369 352 1410 meliam
384 1370 420 1409 te
445 1368 556 1421 pati,
587 1367 667 1410 nisi
699 1368 775 1410 tibi
805 1369 1034 1410 arbitraris
1066 1368 1118 1409 ad
1151 1369 1384 1422 exemplum
1416 1369 1492 1411 tibi
1522 1371 1683 1413 uideris

182 1437 327 1480 fictum
371 1438 412 1479 et
453 1448 547 1477 cum
591 1436 832 1478 accusatiuo
864 1449 898 1478 c.
931 1436 1000 1478 inf.
1044 1437 1090 1478 ut
1129 1436 1279 1478 similia
1318 1438 1449 1479 uerba
1490 1438 1582 1489 162,
1618 1439 1681 1481 14.

182 1507 277 1558 260,
324 1507 376 1548 27
424 1505 711 1547 constructum
756 1517 846 1546 esse
892 1506 1038 1559 putare
1083 1505 1218 1548 malis.
1252 1531 1306 1536 —
1343 1506 1439 1550 295,
1485 1506 1554 1549 25
1586 1508 1683 1549 hinc

181 1579 239 1617 est
279 1575 386 1628 quod
426 1575 657 1628 serui[en]s
696 1575 935 1616 iniustitiae
977 1577 1072 1616 tuae
1111 1588 1160 1616 ae
1205 1575 1415 1616 ministris
1449 1600 1497 1605 —
1531 1578 1683 1618 stemus

180 1644 383 1697 fortiores,
429 1642 500 1684 nbi
545 1642 734 1684 Latinius
765 1643 1040 1684 seruientibus
1071 1643 1306 1696 proposuit3
1355 1644 1465 1696 quod
1507 1632 1689 1687 fortasse

183 1712 277 1753 ferri
327 1711 470 1765 possit,
523 1711 598 1753 sed
642 1711 785 1753 contra
832 1711 990 1753 codicis
1038 1712 1330 1753 auctoritatem
1365 1702 1533 1754 'minore
1583 1725 1680 1772 pro-

182 1780 399 1823 babilitate
430 1780 667 1822 intruditur.
699 1806 754 1810 —-
785 1781 881 1831 313,
915 1780 970 1822 23
999 1773 1102 1834 quos
1135 1781 1309 1822 interior
1339 1782 1486 1832 aliqua
1517 1782 1679 1835 sappu-

181 1850 290 1892 ratio
320 1849 491 1902 inslauit
511 1852 548 1891 et
568 1862 793 1891 neruoram
814 1863 948 1891 secum
980 1850 1234 1891 luctantium
1255 1849 1416 1905 dol0r[e
1395 1851 1431 1904 6]
1456 1851 1680 1894 contraxit.

183 1918 442 1961 diuersorum
483 1918 720 1959 morborum
762 1918 951 1960 diuersos
994 1918 1164 1980 effectus
1205 1917 1338 1959 notari
1371 1918 1499 1971 patet.
1531 1944 1586 1949 —-
1618 1918 1681 1960 his

179 1978 284 2029 16613
337 1992 521 2028 6116111111
573 1986 694 2028 sedes
741 1987 783 2027 ct
827 1979 977 2027 causas
1021 1998 1088 2027 me
1133 1987 1247 2027 16616
1294 1985 1451 2027 uidisse
1496 1975 1680 2029 confido:

183 2055 317 2097 erraui
364 2055 541 2096 tortasse
588 2067 682 2096 cum
730 2054 781 2096 ad
829 2054 1006 2096 eundem
1052 2054 1267 2096 modulum
1312 2055 1381 2105 54,
1420 2056 1447 2096 5
1490 2055 1680 2109 redigere

181 2124 422 2167 suaderem:
468 2137 543 2165 nos
572 2137 712 2166 omnes
742 2125 963 2174 execraris,
995 2149 1051 2155 -—
1082 2137 1157 2166 cur
1200 2138 1287 2165 non
1327 2123 1404 2166 tibi
1443 2123 1678 2175 adulemur,

180 2199 255 2241 cur
310 2196 347 2234 te
405 2193 477 2233 in'
506 2193 694 2245 periculo
749 2206 832 2234 esse
890 2193 1322 2248 asse[ue]ramus
1379 2195 1420 2234 et
1474 2192 1678 2234 dicamus.

178 2261 417 2303 Luciferum
463 2261 572 2302 enim
618 2261 879 2303 diuersorum
923 2260 1142 2303 modorum
1192 2260 1233 2302 in
1276 2260 1422 2302 eodem
1468 2261 1679 2302 enuntiato

180 2330 531 2372 consociationem
582 2330 698 2371 nulla
740 2330 1026 2372 moderatione
1072 2329 1307 2371 coercuisse
1353 2329 1680 2371 certissimorum

181 2398 461 2452 exemplorum
507 2397 774 2440 multitudine
820 2398 903 2440 iam
955 2398 1057 2440 satis
1103 2398 1268 2439 constat
1309 2398 1378 2452 (cf.
1410 2397 1494 2438 ind.
1526 2410 1563 2450 p.
1596 2398 1678 2439 336

180 2466 221 2507 et
249 2479 288 2520 p.
317 2468 436 2519 378).
918 2477 921 2479 ’

235 2547 408 2588 Perraro
425 2546 571 2588 talium
588 2544 931 2600 deprauationum
950 2559 1099 2588 causas
1116 2546 1154 2587 in
1173 2545 1431 2599 compendiis
1447 2545 1677 2599 scripturae

177 2611 336 2668 positas
368 2608 616 2669 esse'supra
648 2615 837 2657 diximus.
872 2616 1035 2657 exstant
1066 2627 1163 2656 uero
1195 2614 1396 2667 exempla,
1429 2613 1578 2667 quibus
1609 2614 1679 2655 uel

179 2682 343 2737 singula
382 2684 590 2726 uocabula
630 2684 923 2737 compendiose
966 2684 1122 2736 scripta
1162 2683 1231 2725 uel
1262 2683 1472 2725 nominum
1506 2683 1547 2723 et
1576 2695 1676 2724 ucr-

177 2752 324 2794 borum
372 2753 687 2795 terminationes
738 2753 929 2806 ligaturis
974 2752 1110 2793 minus
1160 2752 1390 2805 perspicuis
1440 2751 1509 2793 uel
1558 2751 1676 2804 signo

178 2819 358 2872 quodam
406 2833 620 2874 expressos
671 2821 835 2863 errandi
881 2820 1044 2874 copiam
1094 2819 1244 2862 fecisse
1287 2819 1363 2861 tibi
1407 2819 1675 2872 persuadeas.

178 2887 303 2940 atque
337 2888 389 2930 ad
419 2889 497 2930 hoc
528 2901 660 2943 genus
690 2889 905 2931 retulerim
937 2889 1062 2930 haec:
1114 2888 1210 2937 255,
1243 2887 1291 2930 31
1334 2887 1473 2929 dicam
1514 2887 1590 2928 tibi
1619 2912 1677 2918 —-
