1934 3278
556 280 610 313 De
635 282 755 313 sancto
780 279 974 313 Athanasio
999 279 1087 314 liber
1111 279 1135 315 Ι.
1519 281 1598 324 103

103 407 198 448 sunt
228 404 296 458 qui
327 404 480 445 fuerint
511 416 604 445 eum
636 403 900 445 Hieroboam.
947 406 985 445 et
1012 404 1234 459 habitauit,
1267 404 1400 458 inquit
1431 405 1469 446 in
1492 405 1597 446 libro

102 473 282 516 secundo
319 472 674 525 Paralipomenon,
708 472 874 526 Iosafat
914 474 959 514 in
990 473 1270 528 Hierusalem,
1310 477 1346 515 et
1376 487 1598 516 conuersus

99 547 156 586 est
186 546 223 584 et
252 543 352 583 exiit
385 543 431 582 in
454 543 616 594 populo
648 556 675 582 a
705 541 912 582 Bersabee
942 555 1071 595 usque
1101 543 1157 584 ad
1187 545 1365 583 montem
1396 542 1596 595 Ephrem,

98 615 134 654 et
164 611 370 653 conuertit
399 623 463 651 eos
493 612 550 652 ad
579 610 796 651 dominum
825 610 948 652 deum
970 614 1150 664 patrum
1172 624 1358 653 suorum.
1391 613 1430 652 et
1450 611 1599 651 statuit

68 680 256 722 uindices
285 679 333 720 in
363 679 555 720 omnibus
585 679 826 720 ciuitatibus
858 679 972 720 Iuda
1010 680 1188 721 munitis
1227 682 1262 722 et
1296 692 1375 731 per
1404 678 1598 731 sinqulas

99 749 300 791 ciuitates.
332 748 441 789 dixit
461 747 691 789 iudicibus:
721 747 856 789 uidete
887 748 989 800 quid
1018 749 1135 790 uobis
1164 749 1351 802 facietis;
1380 760 1465 788 non
1486 747 1598 788 enim

99 817 258 859 homini
288 816 542 866 iudicabitis,
573 817 644 858 sed
674 816 859 865 domino,
902 819 939 857 et
969 817 1180 858 uobiscum
1223 819 1279 858 est
1309 817 1357 857 in
1386 815 1521 857 uerbo,
1563 818 1599 856 et

100 899 211 927 nune
241 885 296 926 sit
326 885 450 925 timor
479 885 642 926 domini
673 897 798 938 super
818 898 903 939 uos,
936 889 972 927 et
992 887 1164 927 seruetis
1186 888 1221 927 et
1241 885 1438 938 faeiatis;
1469 897 1598 936 neque

101 955 210 996 enim
249 956 308 994 est
346 966 439 994 eum
476 954 645 995 domino
682 953 754 994 deo
793 957 931 995 nostro
976 954 1185 1006 iniquitas
1223 967 1352 1006 neque
1394 965 1599 1005 personae

52 1028 83 1053 ¹⁰
101 1022 282 1074 acceptio
313 1035 441 1074 neque
470 1034 692 1063 munerum
723 1022 918 1074 acceptio.
979 1025 1016 1062 et
1057 1023 1220 1075 quidem
1250 1022 1299 1063 in
1330 1020 1599 1063 Hierusalem

100 1091 247 1133 statuit
277 1091 447 1144 Iosafat
478 1091 527 1132 de
559 1091 699 1132 leuitis
729 1093 766 1132 et
795 1091 1074 1132 sacerdotibus
1103 1094 1140 1132 et
1163 1090 1438 1143 principibus
1460 1089 1598 1131 Israel

99 1160 147 1201 in
178 1160 382 1201 viudicium
412 1160 577 1201 domini
617 1162 654 1200 et
695 1159 887 1201 iudicare
918 1159 1155 1201 habitantes
1185 1160 1234 1200 in
1264 1158 1510 1200 Ierusalem.
1561 1162 1596 1199 et

99 1228 323 1270 mandauit
354 1241 478 1280 super
508 1241 574 1269 eos
605 1228 765 1270 dicens:
794 1228 857 1269 ita
889 1228 1057 1280 facietis
1086 1229 1134 1270 in
1163 1229 1311 1269 timore
1340 1227 1516 1280 domini,
1549 1227 1598 1267 in

99 1297 218 1339 corde
241 1297 445 1350 perfeeto;
476 1300 513 1337 et
544 1310 663 1338 omne
694 1297 902 1338 iudicium
933 1297 1040 1349 quod
1071 1299 1283 1349 acceptum
1313 1296 1443 1348 fuerit
1474 1307 1600 1347 super

52 1376 83 1403 15
100 1378 175 1407 uos
206 1379 233 1406 a
262 1365 472 1419 fratribus
501 1366 667 1419 uestris,
700 1366 773 1418 qui
806 1364 1002 1406 habitant
1023 1366 1069 1406 in
1090 1364 1334 1406 ciuitatibus
1354 1364 1455 1414 suis,
1489 1363 1600 1404 inter

98 1434 281 1476 medium
311 1434 536 1488 sanquinis
566 1436 602 1474 et
632 1434 871 1487 sanguinis,
903 1434 1015 1475 inter
1047 1434 1229 1475 medium
1252 1433 1363 1486 leqis,
1395 1433 1443 1473 in
1473 1445 1598 1472 man-

99 1503 211 1544 datis
241 1516 291 1544 ac
321 1501 689 1551 iustificationibus
719 1505 756 1543 et
786 1502 843 1542 ad
873 1502 1049 1544 iudicia.
1089 1505 1127 1543 et
1157 1502 1426 1554 distinquetis
1457 1502 1530 1550 eis,
1563 1504 1599 1541 et

99 1585 185 1613 non
211 1571 441 1623 peccabunt
469 1571 649 1625 domino,
683 1573 720 1611 et
754 1570 891 1625 (non)
926 1571 1006 1611 erit
1036 1571 1106 1611 ira
1137 1584 1263 1623 super
1282 1583 1357 1611 uos
1378 1572 1413 1610 et
1444 1569 1600 1621 fratres

100 1643 270 1681 uestros.
303 1640 363 1680 sie
393 1639 530 1691 facite,
571 1642 607 1680 et
638 1651 722 1679 non
745 1639 984 1692 peccabitis.
1044 1653 1129 1681 eece
1158 1639 1367 1680 Amarias
1405 1638 1599 1680 sacerdos

49 1718 81 1744 ιο
97 1708 295 1760 princeps
326 1720 452 1760 super
481 1720 556 1749 uos
586 1708 633 1748 in
654 1721 771 1749 omne
791 1708 961 1749 uerbum
991 1709 1166 1762 domini,
1200 1711 1237 1749 et
1259 1708 1463 1750 Iabadias
1481 1707 1599 1760 filius

100 1776 270 1818 Zmabel
300 1777 374 1829 qui
402 1777 602 1829 princeps
640 1779 700 1819 est
729 1777 873 1818 domui
906 1777 1020 1818 Iuda
1049 1778 1097 1818 in
1127 1790 1244 1818 omne
1274 1776 1445 1818 uerbum
1475 1777 1596 1830 reyis,

100 1847 137 1886 et
158 1845 318 1886 scribae
340 1847 379 1886 et
399 1845 551 1886 leuitae
572 1845 620 1886 in
642 1848 861 1897 conspeetu
882 1848 1029 1886 uestro.
1075 1846 1374 1898 confortamini
1396 1848 1433 1885 et
1457 1845 1595 1896 facite,

100 1917 136 1955 et
167 1914 246 1954 erit
276 1914 473 1954 dominus
503 1914 712 1955 uobiscum
737 1928 829 1955 eum
850 1914 962 1954 bono.
1016 1914 1214 1967 numquid
1240 1914 1342 1954 dixit
1367 1914 1418 1954 ad
1441 1914 1594 1954 domini

101 1982 346 2023 sacerdotes
377 1983 446 2023 uel
479 1982 531 2023 ad
562 1983 678 2036 regni
712 1983 774 2023 sui
806 1983 1012 2036 principes
1043 1983 1111 2023 1161
1145 1983 1196 2024 ad
1219 1984 1381 2024 ceteros
1413 1982 1594 2023 iudices:

48 2057 80 2083 ²⁵
99 2051 366 2093 condemnate
395 2052 570 2103 iustum,
596 2052 903 2104 persequimini
924 2052 1194 2102 innocentem,
1227 2052 1439 2098 damnate,
1472 2051 1596 2091 inter-

97 2119 206 2172 ficite
236 2132 372 2161 omnes
402 2120 610 2161 eredentes
642 2120 688 2160 in
717 2120 872 2161 deum?
932 2120 1131 2173 numquid
1165 2119 1288 2160 dixit:
1323 2123 1461 2160 amate
1490 2120 1597 2171 quod

98 2201 181 2229 non
206 2192 323 2229 amat
343 2188 454 2241 deus,
477 2188 584 2229 odite
604 2188 828 2235 iustitiam,
851 2189 1018 2242 diliyite
1040 2189 1311 2237 iniustitiam,
1345 2188 1465 2228 sicuti
1491 2187 1595 2228 dieis

97 2256 170 2298 tu?
204 2258 275 2298 aut
306 2256 504 2309 numquid
537 2267 689 2309 negare
720 2257 874 2308 poteris
905 2258 946 2296 te
971 2256 1145 2297 dixisse:
1178 2257 1376 2297 damnate
1397 2256 1595 2297 Athana-

97 2326 207 2366 sium
239 2326 443 2367 absentem
475 2325 754 2366 inauditum?
816 2325 1012 2377 iosaphat
1052 2326 1127 2366 deo
1161 2325 1324 2365 dicatus
1364 2337 1432 2364 rex
1469 2324 1594 2364 Iudae

47 2403 80 2428 ³⁰
99 2392 200 2434 dicit
232 2393 461 2434 seeundum
494 2393 645 2434 domini
678 2393 947 2434 iudicandum
978 2393 1130 2446 legem,
1165 2395 1206 2433 et
1236 2394 1279 2432 tu
1304 2392 1407 2433 dieis
1431 2393 1467 2432 in
1493 2404 1593 2444 apo-

99 2462 267 2503 stasiam
301 2474 527 2502 conuersus
558 2474 650 2502 rex:
684 2462 884 2502 damnate
914 2462 1173 2502 inauditum.

233 2623 245 2654 l
274 2620 306 2654 Π
332 2620 408 2655 Par.
436 2622 489 2659 19,
515 2622 622 2654 4—11

163 2769 179 2802 1
206 2767 345 2802 suerunt
373 2780 388 2801 1·
482 2767 601 2811 inquid
629 2779 670 2801 m.
692 2771 707 2801 1
802 2766 822 2799 3
841 2765 1006 2809 bersabeq
1099 2766 1218 2809 epha-111
1313 2766 1332 2797 5
1351 2766 1500 2799 munitas

94 2825 115 2859 6
139 2836 200 2859 uos
224 2823 339 2858 facitis
368 2825 546 2858 Latinius
676 2825 718 2858 18
744 2835 810 2857 non
837 2836 901 2857 om.
929 2825 986 2865 Vr,
1013 2824 1101 2857 add.
1128 2824 1241 2857 (meti
1367 2823 1410 2856 ‘20
1436 2824 1592 2867 ΖιιβὸιἈες

94 2881 170 2919 υἱὸς
189 2877 333 2924 Ἷσμαήλ
359 2882 473 2915 LXX
566 2882 605 2915 21
635 2886 734 2916 omn&
762 2894 804 2915 m.
834 2885 849 2915 1
