1934 3278
576 248 629 283 De
655 251 776 283 sancto
801 248 996 283 Athanasio
1023 249 1111 284 liber
1135 250 1161 284 Ι.
1544 254 1621 296 131

117 390 218 420 nare
258 375 409 417 iniuste
455 373 642 416 iustitiae
687 374 891 416 fructibus
935 374 1104 428 plenum
1152 375 1306 417 domini
1347 377 1623 429 sacerdotem,

114 458 215 487 cum
245 444 466 486 uideamus
495 442 632 497 qualis
662 442 930 485 comminatio
960 442 1087 484 fuerit
1115 445 1262 486 oborta
1291 447 1436 487 contra
1465 446 1623 489 Iudae—

117 526 238 555 orum
277 511 535 566 praepositos
566 510 636 552 uel
666 511 812 552 contra
843 523 987 553 omnes
1019 524 1161 554 eorum
1190 514 1395 564 conscios,
1428 515 1498 568 qui
1519 517 1622 557 haec

119 594 226 636 quae
245 581 334 635 agis
355 580 490 634 egisse
507 580 762 622 noscantur?
792 593 815 622 o
846 594 954 633 quae
983 584 1076 623 erat
1104 582 1332 635 splendida
1350 586 1390 624 et
1408 583 1625 637 redempta

84 666 101 692 5
119 651 285 700 ciuitas,
316 649 521 692 columba.
579 662 667 691 non
704 649 928 691 exaudiuit
957 662 1108 700 uocem,
1154 663 1242 692 non
1271 651 1462 705 percepit
1496 652 1623 694 disei-

109 719 298 773 plinam,
326 718 376 759 in
405 717 573 760 dommo
604 730 693 758 non
713 717 884 770 confidit
914 721 951 759 et
971 718 1029 759 ad
1048 718 1172 760 deu-m
1193 731 1316 761 suum
1335 733 1421 761 non
1441 721 1622 762 accessit.

111 787 332 841 principes
370 787 460 828 eius
495 787 605 828 sicut
641 785 774 828 leones
808 786 1020 839 fremunt,
1060 787 1219 829 iudices
1255 788 1344 829 eius
1383 789 1492 830 sieut
1531 788 1623 842 lupi

117 855 318 907 Arabiae,
350 867 437 895 non
456 853 688 906 subreliqui
708 857 831 896 erunt
860 855 910 896 in
938 867 1074 896 mane.
1109 855 1340 909 prophetae
1370 857 1461 898 eius
1490 857 1623 910 spu-2·-

117 923 233 974 tales,
255 924 345 964 αἰνῶ
365 925 673 976 contemptores,
693 923 925 964 sacerdotes
949 924 1040 965 eius
1060 925 1354 967 contaminant
1375 937 1416 968 se
1434 928 1473 967 et
1493 926 1624 979 impie

65 1009 100 1034 ιο
118 995 263 1047 ayunt.
294 992 491 1034 dominus
511 994 651 1034 autem
681 992 817 1034 iustus
847 995 906 1033 est
935 992 985 1034 in
1014 992 1147 1034 ”tedio
1176 993 1267 1035 etus
1304 996 1344 1036 et
1381 1007 1467 1036 non
1495 995 1623 1048 faciet

118 1062 285 1103 iniuste.

176 1129 390 1172 XXXVII.
425 1129 530 1171 Cum
562 1129 664 1171 haec
696 1129 756 1171 ita
778 1141 822 1171 se
854 1130 1036 1171 habeant
1068 1130 1110 1172 et
1130 1130 1248 1173 nobis
1269 1131 1432 1173 licitum
1453 1132 1622 1174 minime

119 1199 174 1241 sit
204 1198 405 1240 iniustum
436 1197 618 1251 proferre
648 1197 865 1249 iudicium,
912 1198 1103 1252 superest
1144 1200 1217 1240 aut
1256 1212 1382 1242 unum
1419 1202 1462 1242 te
1492 1200 1623 1243 facias

119 1280 212 1310 esse
245 1279 292 1308 ex
325 1267 414 1308 eius
446 1266 580 1308 seruis
613 1266 656 1308 et
686 1265 825 1308 discas
853 1266 1059 1308 iudicium
1079 1267 1261 1320 proferre
1293 1269 1378 1319 aut,
1402 1269 1437 1310 si
1460 1282 1623 1323 semper

67 1353 99 1377 15
120 1337 187 1378 dei
218 1337 284 1378 uis
325 1348 417 1377 esse
455 1336 564 1376 inter
605 1335 882 1386 aduersarios,
930 1335 1133 1377 iudicium
1172 1337 1292 1378 tuum
1330 1337 1443 1379 solus
1481 1351 1622 1392 prome

116 1406 331 1456 iniustum,
365 1404 509 1446 desine
540 1416 614 1446 nos
633 1415 796 1458 cogere
828 1404 966 1445 facere
998 1404 1111 1458 quod
1141 1404 1231 1446 fieri
1252 1417 1400 1448 cernas
1423 1406 1622 1449 diuinitus

116 1475 382 1529 prohibitum.
418 1473 559 1515 desine
597 1473 682 1514 iam
722 1473 933 1515 criminari
966 1474 1242 1516 Athanasium
1284 1474 1354 1516 uel
1393 1487 1468 1517 nos
1509 1476 1619 1529 quod

118 1544 227 1586 enim
246 1555 319 1585 nos
342 1543 408 1584 dei
432 1542 698 1584 destruamus
721 1542 903 1594 domum,
928 1543 1092 1596 quando
1113 1543 1305 1585 inuenias
1328 1543 1438 1597 apud
1459 1544 1621 1586 Zacha-

116 1614 223 1655 riam
262 1614 304 1654 te
348 1613 471 1665 atque
512 1612 786 1666 contyrannos
824 1612 920 1654 tuos
953 1623 1044 1654 esse
1078 1612 1323 1665 descriptos,
1371 1612 1482 1665 quod
1514 1613 1620 1654 enini

63 1696 102 1720 20
117 1682 244 1724 futuri
291 1681 439 1723 essetis
486 1680 553 1722 dei
598 1680 848 1723 hereditatis
892 1681 1183 1734 persecutores
1229 1693 1327 1731 uos,
1375 1693 1478 1734 quos
1521 1681 1622 1724 dicit

118 1763 243 1804 supra
273 1749 443 1792 modum
467 1749 585 1791 uobis
605 1761 830 1803 usurpasse
851 1750 1117 1803 potestatem.
1151 1749 1446 1792 crudelitatem
1470 1750 1622 1792 etenim

118 1831 290 1860 narrans
329 1819 513 1860 uestram
545 1818 648 1859 dicit
687 1818 899 1860 dominus:
945 1819 1105 1861 zelatus
1143 1831 1237 1860 sum
1276 1818 1546 1861 Hierusalem
1584 1824 1621 1861 et

118 1889 225 1931 Sion
254 1889 340 1930 zelo
371 1901 540 1942 mayno.
572 1891 609 1929 et
631 1888 702 1929 ira
722 1900 881 1942 mayna
900 1901 972 1943 eqo
1003 1889 1167 1930 irascor
1189 1900 1317 1941 super
1345 1890 1483 1942 yentes
1513 1902 1621 1942 quae

117 1970 159 1999 se
188 1959 483 2011 superponunt
510 1956 641 2007 uobis,
665 1960 843 2009 propter
882 1958 992 2010 quod
1023 1970 1093 2011 eyo
1123 1957 1267 1999 iratus
1295 1969 1390 1998 sum
1420 1958 1618 1999 minima.

62 2037 99 2062 2⁵
120 2027 203 2079 ipsi
234 2029 374 2067 autem
404 2029 706 2078 conposuerunt
737 2039 779 2067 se
808 2026 856 2067 in
876 2025 1006 2068 mala.
1041 2025 1171 2067 audes
1201 2026 1468 2068 tenebrarum
1502 2039 1620 2068 ama-

115 2095 182 2137 tor
228 2095 443 2136 execrator
492 2093 661 2135 luminis
713 2094 872 2135 dicere:
931 2094 1133 2135 damnate
1183 2095 1466 2149 innocentem,
1519 2108 1615 2137 cuni

118 2163 312 2218 dignetur
334 2163 574 2217 praecipere
596 2163 715 2205 nobis
735 2163 838 2205 deus
859 2175 932 2217 per
953 2163 1200 2205 Zachariam
1224 2163 1389 2206 dicens:
1413 2165 1621 2207 iudicium

118 2233 275 2274 iustum
319 2232 504 2274 iudicate
558 2235 596 2274 et
637 2233 835 2285 pietatem
873 2235 912 2275 et
948 2233 1281 2275 misericordiam
1315 2234 1447 2287 facite
1484 2247 1618 2275 unus-

117 2303 288 2356 quisque
320 2302 377 2343 ad
405 2301 586 2354 fratrem
616 2314 754 2344 swum.
787 2305 825 2344 et
853 2302 1034 2344 uiduam
1064 2305 1103 2344 et
1133 2301 1374 2354 orphanum
1409 2305 1446 2344 et
1472 2316 1616 2355 prose-

63 2381 100 2406 30
119 2371 251 2424 lytum
281 2374 317 2412 et
341 2383 575 2423 pauperem
608 2384 689 2424 per
711 2371 949 2423 potentiam
979 2372 1110 2413 nolite
1141 2383 1296 2422 nocere,
1333 2373 1370 2411 et
1401 2370 1615 2411 malitiam

250 2531 269 2565 4
296 2530 398 2576 Soph.
424 2531 456 2571 3,
486 2531 572 2565 1-5
667 2531 711 2565 22
738 2530 838 2565 Zach.
869 2532 897 2570 l,
926 2531 978 2565 14.
1007 2531 1048 2563 15
1141 2530 1184 2563 27
1212 2529 1258 2564 ib.
1286 2531 1316 2565 7.
1342 2531 1376 2566 9.
1408 2530 1448 2563 10

184 2670 204 2703 8
230 2668 529 2713 subreliquaerunt
566 2671 602 2712 (a
627 2670 667 2703 iu
692 2670 703 2703 i
729 2681 821 2704 corr.
848 2681 891 2703 m.
919 2670 953 2709 1)
1096 2679 1219 2702 manae
1374 2669 1394 2702 9
1420 2668 1468 2713 se]
1496 2672 1620 2703 sancta

119 2727 297 2762 Latinius
323 2729 356 2760 et
383 2725 497 2760 LXX
612 2725 738 2779 impiae
857 2727 895 2761 11
923 2726 1072 2781 iniustae
1180 2716 1221 2759 '13
1246 2729 1306 2761 aut
1332 2726 1478 2770 scripsi,
1503 2729 1619 2760 autem

125 2797 173 2830 Vv
268 2794 308 2828 18
332 2794 424 2828 enim
449 2805 514 2828 vm.
542 2806 561 2828 r
654 2794 697 2829 27
722 2799 744 2839 f)
760 2795 892 2839 'scipere
984 2793 1202 2828 iullsdisltium
1301 2795 1345 2829 29
1370 2794 1526 2829 orfanum

117 2851 319 2897 proselitum

1439 2920 1482 2954 θί-
