1934 3278
543 229 597 264 De
621 239 692 263 non
717 228 957 263 conueniendo
984 238 1061 263 curn
1085 229 1282 265 haereticis.
1638 234 1661 274 7

155 354 204 396 in
225 368 330 405 eum,
353 357 390 396 et
410 367 494 396 non
511 354 649 408 potuit
669 355 861 397 reducere
881 369 973 396 eam
994 355 1051 398 ad
1071 368 1126 409 se,
1157 359 1194 397 et
1225 357 1469 398 sacrarium
1490 362 1661 411 ruptum

156 425 214 464 est
250 425 289 464 et
322 423 459 475 effusa
497 426 555 465 est
586 423 804 478 piuyuedo
842 425 932 465 eius
971 437 997 464 a
1036 425 1227 466 sacrario
1270 426 1500 467 secundum
1553 428 1662 479 quod

156 492 267 532 dixit
298 491 414 533 homo
445 492 512 533 dei
553 492 600 533 iu
643 491 766 533 uerbo
802 491 975 534 domiui.
1037 495 1074 534 et
1114 493 1329 546 respoudit
1367 506 1440 534 rex
1479 497 1514 535 et
1552 495 1664 537 dixit

157 559 428 602 hominidei:
460 573 562 614 roqa
584 573 611 602 a
631 559 742 613 facie
761 560 924 602 domini
954 561 1021 602 dei
1053 562 1128 615 tui,
1159 564 1205 603 ut
1235 564 1476 603 reuertatur
1508 576 1664 603 marcus

123 639 249 671 smea
287 629 345 671 ad
381 643 457 670 me.
518 631 554 670 et
585 629 754 683 royauit
792 629 910 672 homo
941 630 1008 672 dei
1038 630 1190 683 faciem
1221 630 1396 681 domiui,
1428 633 1465 672 et
1496 644 1663 673 reuersa

158 700 216 739 est
246 711 400 739 manus
431 698 543 752 reyis
573 698 630 739 ad
661 711 767 751 eum,
799 701 837 739 et
865 698 985 751 facta
1015 702 1072 740 est
1092 699 1441 752 quemadmodum
1454 700 1662 753 primum.

158 769 196 807 et
227 765 386 808 locutus
415 769 475 808 est
504 779 579 807 rex
607 766 666 808 ad
696 766 906 809 hominem
936 768 1003 809 dei
1034 772 1071 810 et
1101 768 1232 810 dimit:
1263 769 1384 809 intra
1424 782 1581 810 mecum
1618 770 1664 810 in

158 834 330 876 domum
360 837 399 877 et
422 834 605 890 prande,
648 838 685 876 et
715 836 820 878 dabo
858 836 935 878 tibi
972 850 1163 880 munera.
1223 839 1261 878 et
1297 837 1410 878 dixit
1445 836 1562 878 homo
1598 837 1664 879 dei

158 904 216 945 ad
245 917 401 958 reyem:
431 917 505 946 uec
535 904 573 945 si
603 904 711 945 mihi
741 905 967 947 dimidiam
998 905 1168 947 domum
1206 909 1337 957 tuam,
1381 918 1466 947 uon
1496 906 1664 948 intrabo

107 980 140 1004 ¹0
157 975 289 1014 tecum
319 985 393 1014 nec
424 972 687 1015 manducabo
711 986 871 1027 panem
903 986 976 1014 uec
1006 973 1143 1014 bibam
1181 987 1340 1027 aquam
1377 974 1425 1015 in
1455 973 1529 1016 hoe
1560 974 1661 1024 loeo,

157 1042 360 1096 quoniam
396 1042 458 1084 sic
489 1042 710 1095 praecepit
746 1041 854 1083 mihi
892 1043 1089 1085 domiuus
1128 1043 1175 1084 in
1206 1042 1328 1085 uerbo
1368 1043 1531 1085 dicens:
1576 1057 1662 1085 non

158 1110 438 1153 manducabis
460 1124 621 1165 panem
653 1112 691 1151 et
720 1122 804 1151 nou
836 1110 944 1152 bibes
974 1124 1144 1164 aquam,
1177 1113 1215 1152 et
1244 1124 1331 1152 uon
1363 1111 1586 1152 reuerteris
1617 1111 1663 1152 in

156 1179 233 1221 uia
264 1193 348 1232 qua
379 1179 512 1221 iueris
541 1179 590 1220 in
613 1192 675 1221 ea.
707 1178 914 1232 quomodo
936 1178 1155 1220 uobiscum
1178 1179 1418 1232 poteramus
1440 1179 1662 1221 conuenire

159 1247 212 1289 ad
254 1247 378 1289 deum
420 1246 691 1298 adorandum,
734 1258 830 1287 cum
872 1246 953 1288 iste
994 1247 1118 1289 homo
1160 1247 1227 1288 dei
1280 1247 1350 1301 qui
1403 1260 1426 1289 a
1468 1248 1545 1289 deo
1588 1248 1663 1290 ob-

106 1329 139 1354 15
156 1316 407 1370 iurgandum
429 1317 683 1358 Hieroboam
714 1327 858 1369 regem
881 1316 1018 1357 fuerat
1039 1316 1194 1357 missus
1217 1315 1413 1369 quoniam
1435 1328 1509 1370 per
1528 1316 1662 1359 illum.

157 1386 227 1440 qui
268 1386 406 1428 dictus
448 1386 512 1428 est
550 1386 777 1439 propheta,
825 1385 1169 1438 circumscriptus
1210 1384 1348 1434 fuerit,
1396 1384 1483 1425 tam
1522 1385 1663 1438 grauis

158 1454 271 1496 circa
305 1454 426 1496 illum
466 1454 657 1496 uindicta
687 1453 969 1508 processerih‘?
1030 1456 1069 1495 et
1099 1454 1217 1507 abiit,
1255 1452 1390 1506 inquit
1427 1453 1522 1505 post
1560 1453 1662 1494 haec

158 1523 365 1576 scriptura
411 1522 462 1564 de
507 1523 580 1565 illo
626 1522 792 1564 homine
841 1521 921 1573 dei,
962 1536 1043 1576 per
1079 1522 1215 1563 aliam
1254 1522 1373 1563 uiam
1415 1524 1452 1563 et
1490 1534 1576 1562 uon
1606 1524 1666 1563 est

157 1604 350 1633 reuersus
372 1605 456 1646 per
485 1593 604 1633 uiam
635 1605 764 1645 quam
793 1594 971 1633 uenerat
998 1592 1046 1633 in
1076 1591 1239 1644 Bethel,
1278 1593 1315 1631 et
1345 1593 1549 1631 uenerunt
1580 1590 1665 1643 filii

106 1671 140 1696 20
158 1659 249 1701 eius
280 1663 316 1700 et
346 1659 659 1701 nuntiauerant
689 1659 727 1700 ei
758 1659 902 1700 omnia
942 1671 1068 1712 opera
1106 1671 1214 1712 quae
1250 1659 1404 1712 fecerat
1444 1658 1561 1700 homo
1600 1659 1666 1700 dei

157 1728 225 1770 die
254 1727 330 1769 illo
360 1728 409 1768 in
429 1727 582 1770 Bethel
612 1730 648 1770 et
683 1727 810 1769 uerba
832 1741 939 1781 quae
961 1727 1125 1769 locutus
1146 1730 1205 1770 est
1225 1729 1328 1782 reqi,
1361 1731 1398 1769 et
1420 1731 1665 1769 auerterunt

158 1796 311 1845 faciem
341 1796 480 1850 patris
508 1797 592 1850 sui,
625 1799 662 1838 et
693 1796 855 1838 locutus
885 1798 943 1838 est
975 1796 1032 1838 ad
1068 1809 1135 1838 eos
1156 1799 1286 1850 pater
1323 1809 1463 1838 eorum
1500 1797 1667 1839 dicens.-

159 1878 244 1918 qua
274 1865 351 1907 uia
382 1865 518 1907 abiit?
548 1867 586 1907 et
616 1865 1019 1907 demonstraueruut
1046 1865 1132 1918 filii
1161 1865 1252 1907 eius
1281 1865 1402 1906 uiam
1426 1878 1506 1918 per
1536 1878 1664 1918 quam

158 1933 268 1975 ierat
312 1933 431 1976 homo
476 1934 546 1976 dei
590 1934 665 1988 qui
694 1936 871 1975 uenerat
914 1946 965 1975 ex
1010 1933 1139 1986 Iuda,
1185 1936 1223 1974 et
1260 1933 1369 1975 dixit
1406 1933 1513 1987 filiis
1551 1934 1666 1975 suis.-

109 2011 142 2037 25
158 2002 331 2044 sternite
359 2001 469 2043 mihi
489 2002 685 2054 asinam‚·
713 2004 751 2043 et
774 2004 1021 2044 strauerunt
1040 2003 1090 2054 ei,
1124 2005 1159 2043 et
1181 2002 1372 2044 ascendit
1392 1997 1525 2055 super‘
1538 2002 1663 2044 illam

160 2072 200 2111 et
228 2070 336 2112 abiit
360 2073 460 2123 post
488 2070 697 2112 hominem
718 2069 788 2112 dei
818 2073 854 2111 et
890 2070 1059 2112 inuenit
1078 2084 1171 2112 eum
1193 2070 1398 2113 sedentem
1418 2070 1493 2112 sub
1515 2070 1665 2112 arbore

160 2138 273 2180 ilicis
302 2141 341 2180 et
370 2139 481 2180 dixit
525 2139 583 2181 ei:
622 2140 662 2181 si
701 2142 745 2181 tu
786 2152 826 2181 es
862 2139 982 2181 homo
1025 2139 1092 2181 dei
1131 2140 1204 2193 qui
1240 2139 1397 2181 uenisti
1433 2152 1483 2180 ex
1512 2138 1662 2181 Iuda?

161 2209 197 2248 et
218 2207 354 2249 dixit.-
384 2220 455 2261 eyo
476 2220 582 2249 sum.
613 2211 650 2249 et
670 2209 784 2250 dixit
803 2209 863 2250 ei.-
892 2209 991 2250 ueni
1011 2221 1171 2250 mecum
1194 2210 1232 2250 et
1251 2208 1466 2249 manduca
1480 2221 1639 2261 panem
1649 2224 1665 2260 ,-

159 2277 197 2316 et
227 2275 358 2319 dixit:
398 2289 485 2317 non
508 2288 686 2329 possum
716 2277 871 2319 reuerti
901 2279 1033 2319 tecum
1064 2290 1192 2330 neque
1222 2276 1479 2319 manducare
1502 2290 1665 2329 panem

297 2400 338 2434 17
362 2399 413 2435 111
437 2401 522 2445 Reg.
551 2401 604 2442 13,
631 2400 766 2436 1o-28

228 2502 249 2537 9
275 2501 468 2549 dimidiam]
496 2503 596 2537 dares
622 2504 709 2539 add.
736 2514 826 2539 vers.
854 2507 945 2543 aut,
972 2503 1032 2537 des
1057 2504 1240 2539 Latinius
1348 2503 1390 2536 12
1418 2502 1666 2536 manducamus

159 2570 285 2605 panem
311 2571 356 2595 ex
380 2560 630 2596 manducamus
656 2571 756 2595 anem
782 2571 876 2596 corr.
901 2572 945 2595 m.
965 2565 984 2595 1
1079 2561 1200 2595 bi-bes
1296 2559 1339 2595 13
1363 2560 1421 2594 uia
1439 2559 1464 2600 (i
1482 2570 1526 2593 ex
1544 2561 1575 2603 u)

160 2616 266 2651 iberis
296 2619 337 2659 V,
363 2617 431 2652 ibis
455 2629 476 2653 v
571 2620 793 2663 potueramus
811 2630 832 2653 v
925 2618 968 2653 14
986 2618 1030 2652 ad
1047 2618 1299 2662 obiurgandum
1317 2621 1513 2662 exspectes,
1538 2616 1602 2650 sed
1619 2616 1666 2657 cf.

161 2675 346 2720 Euyippii
376 2676 447 2711 Vit.
476 2676 556 2711 Seu.
590 2677 622 2711 V
642 2679 664 2711 3
690 2676 799 2710 uirum
825 2675 880 2710 dei
906 2676 1001 2710 misit
1027 2675 1273 2710 consulendum
1416 2674 1457 2708 15
1491 2673 1604 2706 fuerat
1637 2684 1665 2709 ι·.

160 2730 266 2766 suerit
295 2732 330 2767 V
417 2732 460 2767 16
486 2731 639 2767 dicturus
660 2734 721 2777 Vv,
746 2744 808 2767 em.
835 2732 1017 2767 Latinius
1111 2732 1155 2767 18
1171 2731 1301 2765 homini
1399 2731 1440 2765 19
1466 2740 1532 2773 qua
1556 2740 1577 2763 v

162 2790 198 2822 et
220 2808 268 2814 —-
290 2789 311 2824 l.
337 2791 390 2824 22
407 2791 609 2825 auerterunt
632 2791 674 2824 in
691 2801 766 2826 ras.
861 2790 906 2824 20
922 2800 1093 2834 operaque
1186 2789 1225 2823 21
1247 2789 1281 2823 in
1300 2788 1355 2822 die
1380 2787 1440 2821 illo
1458 2786 1574 2820 bethel

162 2845 206 2880 23
230 2845 346 2880 habiit
