1934 3278
298 248 383 289 310
953 247 1153 281 Luciferi

301 375 334 416 si
375 376 558 428 ipsorum
597 375 894 427 suppliciorum
935 375 1029 416 ante
1069 376 1211 416 0011103
1247 376 1499 428 proponatur
1530 376 1675 429 gloria.
1727 389 1802 417 nec

301 444 409 485 enim
440 444 483 484 id
516 444 625 497 quod
654 445 816 485 lacerat
847 444 1156 493 consideratur,
1199 444 1269 485 ubi
1305 457 1462 497 poenae
1493 457 1655 486 merces
1685 446 1804 486 tanta

298 513 546 566 praestetur.
599 512 864 553 mercedibus
895 513 1280 565 incorruptibilibus
1310 513 1404 555 tua.
1440 513 1676 563 Constanti,
1713 515 1802 555 tor-

298 583 440 624 menta
470 583 693 623 uincuntur
726 582 766 623 et
798 583 1008 623 cruciatus
1042 583 1256 626 obteritur.
1289 596 1401 624 mors
1434 584 1651 636 subigitur.
1697 595 1802 635 quae

299 665 393 693 011111
424 652 636 693 inferatur.
668 652 803 704 magis
825 652 914 692 uita
935 653 1164 704 reparatur.
1200 652 1401 694 dolerent.
1435 653 1672 705 imperator.
1706 652 1801 692 uul-
1840 675 1855 693 ,

298 734 398 762 nera
428 733 500 773 per
531 722 573 761 te
604 720 774 769 inflicta7
820 721 854 761 si
887 721 1030 761 statim
1062 733 1140 762 non
1183 721 1249 761 dei
1283 721 1438 762 amicos
1482 721 1715 768 efficerent;
1755 733 1801 761 ac

298 803 394 831 cum
424 790 522 830 tunc
554 802 652 830 uere
685 790 870 830 uicturos
903 803 975 831 1103
1007 803 1337 843 praesumamus.
1372 791 1405 831 si
1431 804 1453 831 a
1473 791 1515 831 te
1538 791 1704 843 propter
1736 790 1803 830 dei

297 859 531 912 plectamur
562 858 708 907 filium.
742 859 840 899 tunc
874 858 976 899 nihil
1008 859 1156 900 salutis
1190 859 1428 905 amissuros,
1478 860 1546 912 qui
1578 859 1668 899 fieri
1705 859 1801 911 pot-

299 928 362 968 est
399 928 446 967 ut
483 926 566 967 tuis
597 927 789 968 inanibus
829 927 1029 968 cedamus
1069 927 1358 969 irendoribus?
1403 928 1474 968 tuo
1507 940 1579 968 1103
1616 927 1801 980 potuisse

299 1009 344 1037 ac
378 1008 499 1049 posse
530 995 674 1048 uigore
708 995 843 1048 subigi
885 1008 927 1036 es
969 996 1194 1036 arbitratus
1242 996 1283 1037 et
1323 996 1447 1037 credo
1481 996 1614 1036 adhuc
1649 996 1802 1037 frustra

299 1066 521 1107 arbitreris.
557 1077 772 1118 quousque
803 1065 975 1105 tandem
1009 1065 1192 1106 abuteris
1227 1065 1293 1106 dei
1316 1065 1530 1117 patientia,
1555 1065 1801 1106 Constanti?

298 1134 393 1187 quin
432 1134 559 1175 immo
601 1133 757 1182 1101101,
799 1134 902 1174 haec
935 1134 1096 1186 pellens
1130 1146 1177 1174 011
1215 1133 1447 1174 tenebrosis
1488 1133 1678 1175 sensibus
1716 1134 1801 1175 tuis

295 1203 390 1244 illas
422 1203 583 1245 insulsa
611 1216 730 1244 mens
759 1204 835 1244 tua
865 1192 1041 1256 recipiat
1071 1203 1388 1246 meditationes.
1432 1216 1537 1256 quae
1569 1204 1610 1244 te
1642 1204 1802 1256 possint

296 1273 336 1313 in
376 1273 487 1313 uiam
537 1273 742 1322 statuere.
786 1285 891 1325 quae
925 1272 1080 1313 ducant
1114 1272 1165 1313 ad
1199 1273 1265 1313 dei
1297 1284 1483 1326 regnum.
1538 1272 1800 1325 adprehende

299 1342 528 1384 amoeniter
560 1341 670 1394 quod
700 1342 741 1382 te
776 1341 902 1382 ducat
936 1342 987 1382 ad
1020 1342 1258 1382 conuiuium
1292 1342 1484 1382 Abrahae
1517 1343 1635 1382 Isaac
1668 1342 1708 1382 et
1730 1342 1800 1381 la-

296 1412 385 1460 001),
421 1410 487 1451 dei
511 1410 750 1451 amicorum.
784 1410 829 1450 tu
853 1410 923 1463 qui
948 1422 1073 1451 ausus
1096 1410 1224 1451 fueris
1257 1411 1378 1451 homo
1409 1410 1539 1451 totius
1571 1410 1800 1451 iniustitiae

294 1480 450 1521 iustum
471 1480 514 1520 te
537 1479 773 1526 aestimare,
802 1479 992 1520 omnibus
1014 1480 1056 1519 te
1080 1492 1336 1532 praeponens
1363 1479 1427 1520 dei
1450 1479 1606 1521 iudicio
1630 1480 1801 1521 sanctae

297 1547 500 1589 ecelesiae
533 1547 772 1588 constitutis
806 1547 1010 1600 episcopis
1044 1547 1254 1600 fidemque
1279 1548 1468 1589 sanctam
1493 1561 1617 1600 quam
1639 1560 1801 1600 semper

294 1617 429 1658 tenuit
462 1629 507 1657 ac
540 1616 657 1657 tenet
690 1617 871 1658 eeclesia
901 1617 1151 1669 reprobans,
1190 1615 1318 1657 fueris
1350 1616 1464 1657 nisus
1496 1617 1801 1669 blasphemiam

295 1685 568 1737 consacrilegi
606 1686 669 1726 tui
700 1686 810 1727 Arrii
843 1698 911 1727 ore
950 1685 1157 1738 prolatam
1197 1698 1302 1726 nunc
1344 1698 1416 1738 per
1456 1685 1660 1726 satellites
1692 1686 1799 1735 tuos.

295 1768 400 1796 nunc
443 1754 578 1796 edicto
617 1755 709 1804 tuo.
756 1767 862 1795 nunc
913 1754 1125 1807 spiritibus
1172 1754 1381 1795 inmundis
1422 1756 1578 1796 referso
1621 1767 1688 1795 ore
1728 1756 1799 1796 tuo

293 1824 549 1877 praedicare,¹
585 1823 625 1864 et
655 1824 719 1865 uis
750 1824 792 1865 te
813 1824 1045 1877 perfectum
1077 1823 1282 1865 cultorem
1315 1824 1380 1864 dei
1416 1824 1456 1864 ot
1488 1825 1624 1865 onmia
1658 1824 1799 1865 sancte

296 1894 489 1946 agentern
521 1892 729 1942 uocitare,
778 1905 872 1933 cum
907 1892 1040 1933 adhuc
1073 1893 1114 1933 te
1147 1905 1280 1944 neque
1313 1892 1520 1933 crudelior
1557 1905 1689 1945 neque
1723 1892 1798 1933 de-

293 1961 527 2002 testabilior
576 1973 709 2014 neque
755 1961 795 2001 in
835 1960 1107 2013 blasphemiis
1152 1960 1284 2001 maior
1331 1973 1530 2012 umquam
1578 1961 1799 2013 quisquam

296 2043 436 2072 00111111
467 2042 614 2082 regum
647 2030 717 2082 qui
747 2029 910 2084 tyranni
942 2030 1230 2082 nuncupantur
1262 2030 1391 2070 fuisse
1413 2029 1655 2082 reperiatur.
1692 2042 1798 2082 quae

293 2101 353 2141 ita
386 2112 428 2140 se
461 2100 613 2140 habere
646 2099 686 2139 in
718 2099 823 2140 libro
849 2098 917 2151 qui
940 2098 1134 2139 titulatur
1167 2099 1214 2140 dc
1235 2100 1398 2152 reqibus
1424 2100 1670 2151 apostaticis
1702 2098 1799 2151 quia

293 2169 376 2209 iam
410 2168 550 2220 aperui
581 2168 679 2208 tuae
711 2167 1014 2220 inprudentiae.
1049 2181 1153 2208 nunc
1187 2168 1291 2208 illud
1322 2168 1363 2209 te
1398 2168 1503 2209 scire
1536 2168 1644 2217 11010,
1687 2168 1796 2220 quia,

294 2237 371 2278 11131
402 2237 443 2277 10
475 2236 637 2276 mature
670 2236 947 2278 conuerteris.
997 2236 1075 2277 nisi
1108 2237 1357 2286 credideris,
1405 2237 1451 2277 ut
1482 2249 1578 2286 nos⁷
1629 2237 1797 2277 unicum

1824 1009 1857 1033 10

1821 1353 1854 1378 15

1819 1702 1853 1726 20

1819 2044 1852 2069 25

292 2306 425 2346 filium
467 2304 532 2345 dei
574 2317 737 2358 semper
779 2317 874 2346 cum
915 2306 1033 2357 patre
1075 2317 1273 2358 regnasse
1319 2306 1359 2345 et
1400 2318 1625 2358 numquam
1669 2305 1796 2346 fuisse
1845 2316 1848 2319 ⁴

292 2376 454 2427 patrem
496 2374 582 2415 sine
624 2374 733 2415 filio.
783 2386 909 2414 unum
951 2374 1076 2414 etiam
1119 2386 1208 2414 esse
1248 2385 1422 2426 regnum
1453 2374 1582 2426 patris
1616 2374 1657 2414 et
1687 2373 1797 2414 unici

360 2581 377 2613 1
406 2581 502 2613 oculo
598 2580 619 2612 4
643 2556 794 2615 uincitur
898 2581 918 2614 6
946 2581 998 2624 ac]
1027 2580 1099 2614 .At
1125 2580 1217 2614 coni.
1244 2579 1425 2613 Latinius
1535 2579 1555 2612 8
1582 2579 1659 2622 quei
1689 2578 1796 2621 Gall„

292 2638 372 2682 quin
403 2638 464 2676 Vr,
505 2636 606 2680 quine
639 2638 748 2682 f07·l.;
786 2638 832 2680 cf.
861 2650 898 2681 Ι).
932 2639 1013 2680 291,
1046 2641 1089 2671 31
1232 2637 1270 2670 11
1308 2636 1488 2670 arbitraris
1523 2639 1706 2679 exspectes

291 2695 332 2728 13
364 2694 424 2728 illa
458 2705 477 2727 v
579 2694 621 2727 14
646 2694 777 2730 ducunt
803 2708 821 2730 v
930 2696 971 2728 15
997 2695 1167 2729 ameniter
1272 2694 1312 2727 21
1340 2693 1466 2727 referto
1493 2704 1512 2726 v
1617 2692 1659 2725 22
1684 2693 1736 2725 uis
1762 2694 1798 2725 te

291 2752 438 2795 scripsi.
466 2750 556 2783 iuste
580 2752 640 2793 Vr,
667 2752 739 2786 iure
766 2754 801 2786 te
827 2753 919 2786 coni.
951 2752 1046 2787 Gall.
1142 2753 1283 2785 sanctae
1378 2750 1420 2783 23
1440 2750 1543 2783 athuc
1637 2749 1680 2782 24
1706 2749 1797 2782 blas-

288 2808 420 2852 phemis
444 2808 505 2846 Vc,
527 2818 589 2841 cm.
613 2809 707 2843 Gall.
802 2810 912 2842 maior
936 2819 1098 2852 umquam
1116 2808 1263 2852 scripsi,
1289 2807 1458 2840 maiorum
1477 2817 1578 2850 quam
1605 2807 1663 2849 Vr,
1689 2806 1798 2839 maior

291 2877 391 2909 quani
421 2864 515 2898 Gall.
611 2866 653 2897 25
679 2866 895 2909 repperiatur
988 2866 1030 2899 27
1057 2866 1135 2899 illut

1818 2387 1851 2411 30
