1934 3278
444 254 498 289 De
523 266 593 290 non
617 254 792 300 parcendo
816 255 853 289 in
878 254 981 290 deum
1006 254 1303 300 delinquentibus.
1546 256 1624 298 231

125 394 231 436 quae
260 381 620 434 superuenientia.
653 393 797 423 omnes
817 381 931 422 enim
950 380 1049 422 uiae
1080 382 1177 422 tuae
1198 382 1398 436 paratae,
1431 383 1628 423 creatura

123 454 199 492 tua
228 450 277 491 in
303 449 590 502 prouidentia.
623 462 708 492 ecce
737 449 851 491 enim
881 449 1056 503 Assyrii
1086 447 1234 502 repleti
1264 451 1363 490 sunt
1392 449 1441 491 in
1470 449 1630 491 uirtute

121 531 203 560 sua
232 521 268 559 et
297 518 476 560 exaltati
508 520 611 559 sunt
637 518 687 559 in
715 531 816 571 equo
847 521 885 560 et
914 530 1144 566 ascensore,
1178 520 1218 560 et
1243 517 1423 572 yloriati
1453 522 1551 560 sunt
1582 519 1629 560 in

122 587 291 630 brachio
313 587 522 640 peditum,
553 590 838 640 sperauerant
868 588 917 629 in
947 587 1093 641 clipeis
1122 590 1160 629 et
1190 589 1304 628 tenso
1335 600 1440 629 arcu
1468 589 1508 629 et
1526 587 1628 640 fun-

86 669 101 693 5
121 655 298 706 dibalis,
346 658 384 697 et
422 656 660 697 nescierunt
699 656 900 708 quoniam
941 659 986 697 tu
1024 669 1065 698 es
1103 656 1302 698 dominus
1340 656 1415 708 qui
1445 659 1628 698 conteres

121 725 242 768 bella.
273 725 473 768 dominus
494 737 641 766 nomen
663 728 721 767 est
743 725 832 766 tibi.
866 728 910 766 tu
926 726 1073 778 proice
1092 725 1268 767 illorum
1291 725 1416 777 uires,
1449 728 1628 779 aeterne,

121 796 282 835 contere
312 792 485 835 illorum
509 792 826 845 plenitudinem
856 794 1014 835 uirtute
1034 796 1112 835 tua
1131 796 1168 834 et
1189 793 1320 837 deduc
1340 807 1485 835 eorum
1506 798 1626 835 tena—

121 863 289 904 citatem
319 862 368 903 in
400 863 472 903 ira
502 865 589 903 tua.
623 862 916 915 coqitauerunt
951 863 1063 904 enim
1101 862 1314 915 frustrare
1353 865 1504 905 sancta
1536 866 1622 917 tua,

121 931 397 983 coinquinare
426 930 749 973 tabernaculum
785 931 1060 984 requietionis
1101 934 1197 973 tuae
1231 931 1423 973 nominis
1454 930 1626 973 honori-

69 1013 103 1040 10
118 1000 190 1053 fici
229 1001 316 1052 tui,
363 999 669 1053 adprehendere
711 1000 826 1053 ferro
873 1013 1005 1041 cornu
1050 1000 1204 1042 altaris
1250 1002 1326 1043 tui.
1378 1001 1537 1053 respice
1578 1001 1627 1042 in

119 1068 295 1123 fastiyio
326 1081 482 1120 eorum,
514 1069 573 1110 da
603 1068 651 1109 in
683 1081 818 1110 manu
848 1082 940 1110 mea
970 1068 1129 1110 uiduae
1158 1082 1286 1121 quam
1317 1070 1505 1123 coyitaui
1535 1069 1628 1111 uir-

123 1141 247 1180 tutem
280 1141 319 1181 et
342 1141 514 1191 percute
546 1150 590 1179 os
621 1151 763 1179 eorum
795 1137 922 1179 labiis
944 1139 1245 1191 persuasionis
1276 1151 1392 1180 meae
1420 1139 1470 1180 in
1493 1138 1625 1192 prin-

121 1208 210 1260 cipe
241 1210 277 1248 et
301 1207 546 1260 principem
585 1219 712 1259 super
749 1218 920 1247 seruum
957 1218 1100 1259 suum,
1146 1219 1304 1258 quassa
1349 1206 1629 1248 substantiam

121 1277 210 1318 eius
240 1278 288 1318 in
319 1289 454 1317 manu
483 1275 651 1317 uiduae.
705 1288 793 1317 non
831 1275 945 1316 enim
982 1275 1028 1316 in
1058 1275 1334 1317 multitudine
1364 1276 1505 1316 uirtus
1536 1278 1628 1325 tua,

70 1346 191 1386 1⁵sed
221 1359 294 1387 nec
318 1345 512 1399 potentia
543 1358 672 1397 neque
702 1345 850 1386 datum
881 1347 1000 1385 tuum
1038 1345 1086 1386 in
1124 1344 1326 1397 fortibus,
1376 1345 1447 1387 sed
1486 1344 1626 1386 humi-

121 1415 227 1456 lium
258 1427 300 1456 es
329 1414 451 1469 deus,
500 1415 771 1467 infirmorum
799 1413 1085 1464 adiutorium,
1131 1414 1373 1467 infirmium
1403 1418 1627 1467 susceptor,

120 1483 435 1536 desperatorum
467 1483 675 1525 saluator.
741 1483 869 1525 etiam
900 1482 1002 1524 deus
1027 1483 1171 1534 patris
1199 1483 1281 1524 mei
1312 1485 1351 1524 et
1379 1484 1480 1525 deus
1510 1482 1626 1524 here-

121 1553 271 1594 ditatis
302 1552 456 1605 Israel,
507 1552 674 1593 domine
703 1551 946 1593 dominator
976 1550 1186 1592 caelorum
1216 1554 1253 1593 et
1283 1554 1435 1603 terrae,
1467 1554 1628 1593 creator

123 1634 354 1673 aquarum,
397 1634 471 1662 rex
502 1621 630 1662 totius
660 1623 898 1670 creaturae,
929 1620 1086 1661 exaudi
1118 1620 1445 1662 obsecrationem
1474 1634 1627 1669 meam,

70 1708 102 1732 20
120 1690 177 1731 da
216 1690 450 1731 uersutiam
490 1692 527 1731 et
563 1689 803 1731 suasionem
834 1690 881 1730 in
911 1688 1085 1730 uulnere
1114 1692 1150 1730 et
1182 1690 1230 1730 in
1261 1689 1441 1731 liuorem
1472 1702 1627 1743 eorum,

121 1758 195 1811 qui
224 1758 429 1800 aduersus
459 1760 755 1800 testamentum
785 1761 822 1800 et
852 1758 1022 1800 domum
1050 1761 1247 1800 sanctam
1277 1761 1397 1800 tuam
1428 1761 1465 1800 et
1496 1759 1628 1800 uerti—

122 1839 182 1868 ces
221 1826 325 1870 Sion
361 1830 399 1869 et
435 1827 581 1870 domui
618 1827 865 1869 retentionis
900 1827 1090 1881 filiorum
1130 1830 1300 1868 tuorum
1339 1827 1631 1881 coyitauerunt

120 1895 242 1939 dura.
293 1896 363 1949 fac
395 1899 441 1938 tu
469 1909 595 1950 super
626 1909 791 1938 omnem
818 1900 981 1951 yentem
1019 1900 1056 1938 ct
1096 1897 1254 1938 tribum
1293 1910 1457 1938 omnem
1494 1897 1633 1939 sciant

119 1965 223 2018 quia
252 1968 299 2007 tu
330 1978 372 2007 es
401 1965 502 2007 deus
532 1966 759 2007 uniuersae
783 1966 1007 2018 potestatis
1043 1968 1081 2007 et
1120 1965 1320 2016 uirtutis,
1369 1968 1405 2006 et
1445 1978 1533 2007 non
1572 1969 1631 2007 cst

70 2051 102 2076 2⁵
121 2033 236 2075 alius
265 2033 457 2087 defensor
484 2035 651 2088 yeneris
682 2034 821 2076 Israel
844 2037 1020 2087 praeter
1049 2037 1100 2076 te.

176 2102 249 2144 XI.
299 2102 409 2155 Quid
443 2103 494 2144 ad
526 2103 629 2145 haec
670 2103 852 2157 prudens
892 2115 1011 2145 mens
1049 2104 1125 2144 tua
1165 2103 1318 2144 sentire
1362 2102 1630 2157 dignabitur?

123 2171 422 2224 numquidnam
455 2172 611 2224 poteris
645 2172 784 2213 dicere
815 2173 910 2225 post
942 2173 1046 2213 hanc
1081 2171 1159 2213 deo
1191 2172 1327 2213 fusam
1359 2174 1506 2214 contra
1525 2172 1629 2214 reli-

120 2240 254 2293 gionis
292 2241 433 2281 hostes
473 2241 827 2290 obsecrationem,
876 2240 988 2294 quod
1021 2240 1130 2282 enim
1162 2252 1236 2281 nos
1268 2240 1379 2282 malo
1412 2241 1554 2283 ordine
1585 2242 1628 2282 te

121 2311 266 2350 eontra
307 2309 510 2353 nitamur.
559 2309 657 2363 quia
699 2310 890 2351 dicamus
928 2309 1027 2351 tibi:
1073 2313 1149 2351 aut
1187 2311 1347 2364 corriye
1387 2311 1485 2352 uias
1532 2313 1627 2351 tuas

71 2401 102 2425 so
116 2391 288 2430 prauas
326 2382 362 2420 et
401 2379 492 2420 noli
531 2379 608 2420 tibi
645 2381 694 2420 in
731 2380 904 2432 imperii
941 2379 1007 2420 tui
1040 2378 1209 2431 placere
1232 2380 1426 2431 potentia
1456 2382 1531 2419 aut
1561 2392 1626 2420 co-

119 2460 265 2500 ynosce
308 2448 364 2489 ad
402 2447 588 2489 nihilum
628 2451 664 2489 te
694 2451 1034 2501 peruenturum?
1093 2447 1194 2500 quid
1234 2447 1349 2488 aliud
1388 2460 1463 2489 nos
1504 2448 1627 2490 hodie

121 2515 300 2557 facimus
332 2515 398 2557 dei
433 2517 555 2560 serui.
590 2517 679 2558 eius
712 2517 877 2558 diuinae
910 2515 1212 2570 magnitudinis
1245 2515 1509 2565 sacerdotes,
1547 2517 1625 2558 nisi

189 2642 209 2675 3
235 2652 344 2686 aequo
475 2644 496 2676 4
521 2643 637 2687 tenso]
663 2653 769 2687 gaeso
796 2646 833 2677 et
857 2643 950 2677 coni.
982 2642 1212 2675 Gallandius
1343 2625 1542 2676 sundebsslis

121 2700 142 2733 6
167 2699 283 2733 bellua
377 2700 394 2732 7
421 2699 525 2733 diduc
551 2700 639 2742 fort.
749 2701 771 2735 8
796 2700 1030 2746 cogitauerint
1056 2711 1099 2733 m.
1126 2703 1145 2733 1
1255 2698 1297 2732 12
1323 2709 1360 2733 os
1386 2701 1480 2733 coni.
1510 2700 1629 2734 Tilius

121 2766 161 2799 in
186 2758 285 2791 notis
312 2760 439 2797 (eorum
465 2756 590 2800 omssO,
617 2768 675 2792 eos
707 2759 769 2799 Vv,
796 2768 913 2793 seruos
939 2758 1027 2800 fort.
1057 2757 1236 2799 (πάταξον
1263 2757 1410 2801 δοῦλον)
1514 2758 1556 2792 16
1580 2758 1630 2792 in-

122 2814 295 2847 firmorum
322 2825 341 2847 υ
433 2813 478 2847 23
504 2815 601 2848 dura.
625 2814 682 2849 sac
706 2818 746 2849 tu
772 2815 921 2859 scripsi.
949 2814 1035 2848 dura
1059 2815 1155 2849 sacta
1179 2815 1239 2856 Vr„
1268 2815 1363 2851 dura.
1390 2814 1436 2849 Et
1461 2815 1514 2849 fac
1541 2817 1632 2850 coni.

126 2870 352 2905 Gallamlius
