1934 3278
294 262 376 303 204

340 385 532 428 scripturas
565 394 636 418 non
668 385 720 417 est
751 384 966 428 conputatus
999 383 1043 416 ab

342 431 427 474 ipsis
452 432 492 464 A.
518 430 585 464 258

294 476 478 510 consciens
496 489 542 505 =
559 475 675 509 socius
691 487 697 507 z
725 475 943 509 conscientes
961 477 1045 508 ante
1075 475 1077 509 Ι

340 522 471 555 latroni
497 523 540 555 A.
566 521 632 554 692

294 568 501 602 consecutio
518 571 717 610 temporum
732 567 913 610 ncylccta:
928 566 1043 606 iussit,

341 614 463 657 nequis
477 613 557 647 illos
572 612 693 645 ¹adoret
710 611 728 646 Ι
742 613 772 652 8,
791 612 819 645 Ῑ.
838 611 1046 645 Emmanuel

340 662 457 692 autem
498 660 654 699 uocetur,
696 658 849 691 iusserat
886 657 965 691 illos
1003 659 1047 691 A.

340 705 416 738 407.
451 724 496 729 -—
531 703 686 737 sufficiet
719 703 806 737 scire
833 704 928 747 quod
954 705 1048 736 esset

341 751 357 784 Ι
389 750 443 792 35,
480 750 533 784 17.
571 750 727 792 apparet,
767 749 827 792 qui
865 749 913 782 sit
951 749 1045 782 Deus

340 820 395 837 ..,
422 798 457 830 et
482 796 581 830 cuius
600 797 636 828 in
662 796 805 828 nomine
829 795 1047 828 crederemus

340 842 382 876 A.
408 842 473 876 381
510 851 561 884 sq.
593 840 724 880 audite,
757 840 850 884 quod
876 864 907 873 ..
932 841 1047 873 nntri—

340 891 439 921 retur
465 888 567 920 melle
592 887 634 920 A.
659 886 727 919 409

295 933 475 967 considere
499 947 544 962 =
568 932 690 966 morbo
716 932 846 966 collabi
871 932 909 966 II
934 932 988 972 30,
1014 933 1036 966 4

295 979 446 1013 consilia
463 993 508 1008 =
526 977 783 1022 cogyitationes:
801 978 957 1011 moribus
977 979 1047 1011 uti-

341 1035 408 1068 que
434 1024 584 1059 consilia
607 1026 726 1056 uestra
751 1023 924 1057 debentur
942 1024 959 1058 1
977 1025 1008 1065 6,
1027 1024 1047 1057 6

294 1071 503 1114 conspirant
529 1070 566 1103 in
592 1070 684 1103 malo
709 1069 726 1102 Ι
754 1070 805 1111 12,
835 1070 876 1103 13

295 1116 540 1150 consonantia
575 1125 706 1149 uocum
739 1119 773 1149 ct
803 1115 1047 1160 syllabarum:

341 1162 490 1206 legendo
508 1161 549 1195 de
575 1162 651 1204 lege
669 1161 687 1195 I
708 1161 736 1202 1,
764 1162 796 1195 6.
809 1162 864 1201 41,
882 1163 914 1195 4.
935 1163 1046 1204 legem

341 1232 373 1241 ..
411 1208 568 1252 legentes
612 1207 629 1240 Ι
668 1207 729 1247 20,
766 1209 798 1242 5.
847 1207 1048 1241 inmortalis

340 1254 433 1288 enim
472 1253 599 1287 habuit
636 1264 655 1286 a
696 1253 908 1287 mortalibus
951 1263 1049 1286 arma

341 1300 358 1333 Ι
384 1300 414 1339 6,
441 1299 496 1333 24.
522 1299 648 1343 genuit
673 1301 865 1341 generatus
892 1300 909 1333 I
936 1300 990 1340 10,
1016 1298 1048 1332 8.

342 1345 484 1379 domino
514 1345 741 1379 dominorum
767 1345 785 1378 I
810 1345 864 1386 22,
891 1346 923 1378 9.
950 1355 1048 1378 sanc—

343 1394 417 1425 tum
451 1393 654 1424 sanctorum
687 1391 728 1423 A.
760 1390 838 1424 267.
871 1392 931 1434 qui
965 1390 1049 1423 sim-

343 1437 470 1482 plicem
520 1436 644 1480 fingis,
701 1436 910 1480 simpliciter
964 1437 1047 1470 uiuo

342 1494 420 1517 cum
438 1483 506 1516 isto
532 1482 655 1515 uiuere
672 1483 708 1515 te
734 1482 870 1515 credis?
897 1482 915 1517 Ι
937 1482 991 1524 23,
1018 1483 1048 1516 6.

342 1539 463 1562 omnes
488 1528 630 1562 omnino
651 1527 669 1561 Ι
695 1528 751 1570 35,
776 1528 831 1562 23.
858 1528 895 1562 II
921 1528 1048 1569 20,16.

343 1574 419 1616 (Cf.
445 1575 546 1608 Gust.
567 1573 822 1618 Lcmclyrafin
836 1578 903 1608 act.
921 1574 1048 1608 semin.

342 1620 496 1665 Erlany.
524 1619 576 1653 ΙΙ
592 1630 630 1662 p.
657 1622 729 1659 59.)
755 1630 876 1654 caecus
910 1630 1048 1653 caecum

342 1667 379 1699 in
417 1668 512 1699 fossa
549 1665 683 1699 reducit
720 1665 737 1699 I
775 1666 828 1707 37,
863 1666 885 1699 4
923 1665 1050 1707 (bibl).

343 1713 506 1746 lucernae
533 1711 651 1744 lumen
677 1711 715 1745 ΙΙ
741 1712 772 1752 3,
802 1711 854 1745 14.
882 1712 967 1745 luna
998 1712 1044 1744 lu-

343 1758 434 1791 cebit
470 1757 504 1791 11
534 1757 565 1798 3,
605 1757 658 1790 18.
698 1760 816 1791 uestra
854 1757 895 1790 de
932 1760 1051 1790 uestro

343 1803 381 1837 11
407 1803 460 1844 20,
495 1803 550 1836 23.
588 1803 720 1837 lectore
753 1803 892 1846 legente
925 1803 963 1837 ΙΙ
996 1804 1050 1845 35,

343 1850 375 1883 5.
392 1849 429 1883 in
448 1859 546 1892 prece
563 1848 729 1892 fienda('?)
746 1852 785 1882 ut
799 1849 890 1883 fiant
907 1848 1052 1882 silentia

344 1895 380 1929 11
399 1895 453 1937 35,
474 1895 527 1929 15.
552 1894 665 1938 ipsam
687 1920 694 1927 .
710 1919 717 1926 .
736 1896 893 1938 praestat
920 1920 927 1927 .
943 1919 951 1926 .
977 1894 1052 1938 ipse

343 1941 543 1975 dominator
568 1940 606 1974 ΙΙ
635 1941 687 1981 14,
722 1943 742 1974 6
777 1951 829 1984 sq.
863 1940 1052 1974 inuenietis

344 1986 437 2020 enini
463 1996 603 2020 carnem
627 1986 805 2019 inuenisse
831 1987 872 2020 A.
897 1986 953 2020 54.
980 1985 1052 2028 (Cf.

346 2033 453 2067 Gnst.
492 2031 696 2076 Landqraf
727 2033 750 2065 l.
786 2032 807 2065 l.
837 2042 874 2075 p.
900 2033 972 2074 56.)
1001 2031 1053 2065 in-

346 2077 472 2121 pudica
509 2088 609 2110 nosse
650 2077 787 2121 pudicis
824 2080 866 2111 A.
905 2078 981 2111 210.
1024 2078 1053 2110 si

346 2125 465 2157 fuerat
479 2124 609 2165 castus,
636 2125 793 2157 incestus
818 2123 956 2167 proficit
970 2123 1052 2157 inde

346 2171 388 2203 A.
413 2169 491 2202 211.
518 2168 742 2202 inuisibilem
770 2179 842 2203 esse
861 2169 1053 2203 uidendum

344 2217 387 2249 A.
413 2214 494 2250 285.
520 2214 668 2248 auribus
686 2215 788 2248 audit
805 2215 846 2248 A.
868 2215 945 2249 128.
971 2215 1054 2248 haec

345 2259 677 2349 Ξῗὲὲὲᾛῗορὲἒῗῖἒ.
695 2271 776 2340 311Ξῖ
793 2261 938 2341 rte:
958 2261 1055 2340 ἐξ..

346 2352 525 2395 sacrilega
565 2353 606 2386 A.
648 2352 726 2387 680.
774 2363 882 2386 unum
927 2363 1054 2397 quaere

347 2399 472 2439 Deum,
513 2398 573 2441 qui
615 2398 753 2441 quaerit
796 2398 914 2432 hostia
955 2398 1055 2432 nulla

347 2447 387 2477 A.
427 2443 503 2477 703.
541 2443 720 2486 parricida
752 2444 866 2488 patris
900 2444 942 2478 A.
978 2444 1054 2477 729.

347 2490 470 2523 oculus
503 2499 571 2522 non
604 2489 745 2523 uiderat
778 2492 863 2523 ante
902 2489 1054 2523 uidendo

347 2538 388 2568 A.
420 2534 496 2568 790.
522 2555 565 2560 -
593 2536 711 2579 pergit
750 2536 887 2579 periens
921 2535 938 2568 Ι
968 2539 996 2577 1,
1022 2535 1054 2569 8.

346 2591 411 2624 pax
437 2582 473 2614 et
498 2580 676 2624 patientia.
693 2581 711 2615 Ι
729 2581 783 2621 28,
812 2582 841 2615 1.
867 2582 966 2615 intra
988 2582 1053 2615 sub

349 2633 449 2661 antra
468 2629 510 2669 (5²)
526 2627 543 2660 1
561 2626 616 2667 34,
634 2627 665 2661 8.
692 2626 785 2671 quod
803 2626 931 2672 libe(t)
951 2627 1055 2660 licere

351 2672 548 2716 praesumis
587 2672 623 2706 II
662 2672 716 2714 16,
749 2671 804 2706 21.
837 2692 879 2696 ——
914 2672 1054 2706 laudem

350 2728 428 2751 curn
456 2718 553 2751 luctu
572 2718 610 2752 11
635 2718 690 2759 33,
716 2718 747 2752 9.
774 2718 815 2752 (10
842 2728 937 2752 serra
962 2728 1055 2751 seca-

350 2765 408 2796 tus
448 2764 490 2796 A.
528 2764 604 2798 514.
632 2764 763 2797 saeculi
790 2764 881 2797 silua
907 2765 949 2797 A.
977 2764 1055 2798 605.

348 2812 471 2852 pectus
497 2809 626 2852 pugnis
653 2810 825 2853 pertunde
851 2809 889 2843 11
914 2810 969 2851 21,
1003 2810 1056 2843 13.

348 2864 417 2887 non
452 2854 582 2896 pudeat
614 2865 725 2898 neque
759 2855 882 2899 pigeat
914 2866 1055 2898 procur-

350 2910 426 2933 rere
441 2899 479 2933 ΙΙ
494 2900 547 2940 31,
564 2900 617 2933 13.
634 2900 806 2934 titulatur
819 2901 904 2934 talis
920 2901 1055 2934 edictus

1008 260 1142 293 Index

1154 382 1194 416 A.
1212 383 1291 417 462.
1312 403 1344 407 -
1364 384 1517 418 zelantes
1537 385 1609 417 fau
1622 395 1694 418 ore
1713 384 1851 419 Christo

1154 429 1276 462 offerte
1309 429 1486 463 odorem
1519 429 1556 463 ΙΙ
1595 430 1645 470 19,
1684 431 1738 464 23.
1776 430 1859 465 <lum

1155 485 1170 507 c
1185 474 1299 518 upis,
1319 474 1399 508 inde
1417 475 1537 518 peris
1555 475 1593 509 II
1607 476 1660 515 23,
1678 476 1708 509 1.
1723 476 1859 510 reddite

1155 531 1217 553 uos
1245 520 1430 554 Christo
1457 521 1601 562 similes,
1628 521 1743 563 filioli,
1775 532 1855 556 ma-

1155 566 1303 609 gistro
1341 566 1379 600 II
1410 566 1464 607 26,
1499 567 1529 599 6.
1568 569 1707 600 seruate
1745 568 1860 611 quod

1155 613 1268 645 estis
1295 613 1330 645 et
1356 623 1548 645 memorare
1586 614 1784 655 potestis
1822 613 1859 648 II

1156 657 1209 698 26,
1250 658 1303 691 10.
1340 658 1468 691 ideirco
1510 657 1713 692 ministri
1754 659 1861 693 facite

1155 705 1341 747 praecepta
1390 704 1608 746 magistri
1658 704 1694 738 11
1734 705 1787 745 27,
1828 704 1861 738 2.

1156 748 1241 782 (lum
1266 748 1344 783 leue
1371 749 1552 783 uidetur
1577 749 1782 793 cuicumque
1799 761 1859 784 ne-

1155 805 1222 838 que
1255 796 1438 828 nitatur
1474 795 1509 828 11
1535 795 1590 836 35,
1626 796 1655 828 1.
1688 796 1860 839 quidquid

1157 842 1256 873 tenet
1294 844 1481 881 caelum,
1523 841 1694 884 prospicit
1731 841 1861 885 ubique

1158 886 1199 919 de
1224 887 1346 919 caelo
1365 886 1407 920 A.
1431 886 1507 920 127.
1533 887 1635 930 luget
1660 888 1695 920 in
1723 890 1861 921 aeter-

1156 942 1255 964 num
1295 942 1384 976 quae
1421 943 1456 966 se
1490 933 1646 966 iactabat
1680 935 1861 967 aeterna

1112 1022 1276 1056 Ceterum
1303 1024 1339 1056 in
1367 1024 1442 1057 illis
1463 1022 1604 1069 (uobis)
1621 1026 1649 1057 si
1669 1035 1764 1068 spem
1791 1035 1863 1059 esse

1158 1069 1356 1112 putatis,

1111 1116 1153 1150 In
1173 1116 1290 1148 totum
1316 1115 1502 1155 erratis,
1528 1115 1557 1149 si
1577 1115 1689 1150 Deum
1714 1118 1749 1150 et
1774 1116 1857 1151 fana

1157 1161 1325 1195 colatis
1352 1161 1448 1203 137,
1474 1161 1514 1194 21
1544 1172 1594 1205 sq.

1111 1206 1203 1250 Quid
1221 1206 1382 1250 plurimis
1401 1217 1487 1250 opus
1515 1211 1578 1249 est,
1610 1219 1689 1242 cum
1714 1219 1768 1242 res
1785 1211 1859 1242 tam

1157 1254 1275 1296 aperte
1301 1263 1378 1296 pro
1394 1252 1543 1294 batur,

1112 1299 1200 1333 Cum
1225 1298 1266 1340 is,
1293 1299 1354 1341 qui
1380 1300 1583 1342 taxatur,
1613 1301 1765 1344 populus
1790 1301 1860 1334 iam

1161 1345 1198 1378 in
1224 1344 1288 1378 illo
1313 1344 1545 1380 laetatur?

1112 1390 1172 1425 Illi
1199 1391 1316 1424 autem
1343 1391 1474 1432 miseri,
1501 1392 1563 1435 qui
1584 1392 1722 1426 fabulas
1747 1402 1859 1426 uanas

1156 1435 1386 1470 adornant

1114 1481 1160 1516 Et
1197 1492 1342 1525 magum
1385 1482 1618 1523 infamant,
1655 1484 1863 1518 canentibus

1158 1538 1219 1561 ora
1243 1527 1510 1562 elusissent.

1113 1573 1242 1616 Quales
1269 1584 1327 1608 eos
1348 1573 1474 1614 dicam,
1499 1577 1688 1619 antequam
1714 1575 1860 1619 dispersi

1159 1619 1360 1653 fuissent
1386 1623 1446 1654 etc.
1474 1622 1516 1654 A.
1542 1621 1610 1655 385
1637 1632 1712 1666 sqq.

1114 1665 1277 1699 Excurrit
1302 1665 1394 1699 alius
1422 1666 1465 1700 ad
1491 1670 1613 1709 sortes,
1639 1678 1722 1701 aues
1749 1668 1862 1713 aspi-

1158 1713 1221 1745 cit
1246 1711 1385 1753 alter3

1112 1757 1301 1791 Belantum
1329 1767 1447 1791 cruore
1472 1759 1554 1792 fuso
1580 1759 1696 1793 malus
1725 1760 1861 1804 inspi-

1158 1804 1221 1836 cit
1246 1804 1363 1836 alter
1390 1803 1407 1837 1
1433 1803 1488 1846 22,
1514 1804 1534 1837 2
1561 1815 1612 1848 sq.

1112 1849 1166 1883 Tu
1191 1850 1323 1891 tamen,
1356 1860 1434 1882 mox
1465 1851 1621 1891 moreris,
1648 1850 1783 1885 duceris
1816 1852 1859 1885 in

1159 1895 1255 1928 loco
1281 1895 1482 1938 maligno

1113 1941 1157 1975 In
1183 1940 1325 1975 Christo
1352 1941 1536 1974 credentes
1563 1942 1679 1975 autem
1699 1942 1742 1976 in
1767 1943 1861 1977 loco

1159 1985 1352 2029 benigno
1378 1986 1395 2020 Ι
1420 1987 1544 2029 24,19
1570 1998 1621 2031 sq.

1114 2032 1265 2066 Vertis
1305 2034 1346 2064 te
1387 2033 1426 2065 in
1474 2032 1600 2066 faciem
1642 2034 1678 2067 et
1718 2033 1863 2068 dorsum

1160 2078 1231 2111 Deo
1257 2078 1432 2119 remittis,

1113 2123 1285 2167 Mergis
1311 2126 1353 2157 te
1384 2125 1430 2157 in
1457 2123 1614 2157 tenebris
1640 2123 1658 2158 I
1682 2124 1738 2166 24,
1765 2125 1786 2159 9
1811 2136 1861 2170 sq.

1113 2171 1159 2212 Ip
1170 2179 1212 2202 se
1227 2170 1329 2213 prata
1344 2171 1406 2203 tua
1420 2170 1606 2213 gubernat,
1624 2171 1744 2204 uineas
1759 2171 1826 2215 ips
1837 2183 1865 2211 e,

1114 2215 1214 2258 Ipse
1258 2225 1385 2260 greges
1422 2226 1584 2259 pecorum
1619 2219 1656 2249 et
1693 2217 1864 2262 quidquid

1160 2260 1318 2304 possides
1344 2262 1456 2304 ipse,
1483 2261 1500 2295 1
1526 2261 1581 2303 29,
1609 2262 1629 2295 6
1656 2272 1706 2305 sq.

1114 2305 1200 2340 Nec
1235 2306 1388 2340 dolore
1419 2306 1545 2340 duxit
1578 2309 1680 2350 pater
1713 2307 1863 2342 filium

1160 2352 1388 2386 mactandum
1414 2353 1457 2386 ad
1482 2363 1597 2393 aram3

1113 2398 1276 2432 Dolore
1313 2408 1389 2432 nec
1421 2401 1523 2432 uates
1561 2398 1714 2432 filium
1747 2399 1865 2433 luxit

1161 2443 1367 2478 defunctum
1394 2443 1431 2478 ΙΙ
1459 2444 1514 2486 32,
1542 2444 1585 2477 14
1611 2455 1661 2488 sq.

1115 2489 1327 2523 Inmittit
1353 2490 1520 2531 luxurias,
1549 2500 1608 2533 per
1633 2500 1721 2534 quas
1740 2491 1866 2534 perdat

1161 2535 1253 2568 filios
1279 2535 1358 2569 Alti

1115 2580 1259 2625 Agonia
1286 2580 1511 2622 inmittit,
1538 2580 1788 2627 spec(tac)ulis
1813 2581 1862 2615 ire

1162 2628 1318 2660 cruentis
1345 2628 1386 2660 A.
1411 2627 1479 2661 208
1505 2637 1555 2670 sq.

1115 2673 1302 2707 Interdum
1320 2672 1413 2716 quod
1431 2683 1543 2706 meum
1561 2674 1626 2714 est,
1644 2682 1666 2716 q
1678 2672 1720 2706 ui
1739 2673 1864 2716 prius

1162 2718 1328 2759 erraui,
1356 2718 1559 2752 demonstro

1116 2764 1262 2797 Rectum
1314 2765 1380 2797 iter
1427 2763 1548 2804 uobis,
1598 2763 1673 2806 qui
1728 2763 1866 2797 adhuc

1162 2810 1335 2843 erratis
1362 2810 1482 2843 inanes
1508 2810 1549 2842 A.
1574 2809 1619 2843 83
1645 2819 1694 2852 sq.

1115 2855 1273 2895 Accedit,
1313 2855 1407 2899 qnod
1445 2855 1486 2888 in
1525 2854 1736 2888 acrostichis
1767 2853 1820 2887 11
1841 2856 1865 2887 8

1161 2904 1195 2935 ct
1236 2903 1283 2935 39
1332 2910 1460 2935 uersus
1500 2900 1548 2934 ad
1588 2910 1704 2934 unum
1744 2910 1865 2934 omnes
