1934 3278
1540 227 1569 256 X
1577 228 1677 258 VIIII

180 341 269 395 ipse
300 352 380 394 quo
411 354 453 381 m
483 339 588 381 falso
621 338 814 389 adicitur,
847 349 942 379 cum
973 338 1013 379 in
1039 337 1132 380 aliis
1161 337 1279 380 libris
1298 338 1390 380 tum
1409 338 1450 380 in
1471 338 1675 383 Vaticano

176 410 369 464 frequens
407 408 492 451 est:
532 408 625 459 134,
658 407 684 449 9
715 420 816 461 quos
847 406 1041 449 cernebas
1071 406 1236 450 calcare
1265 408 1522 463 ueritate[m]
1557 410 1676 463 reyni

177 481 240 521 tui
270 479 573 521 auctoritatem.
618 477 794 519 ueritate
823 475 935 518 idem
968 476 1032 518 est
1062 475 1173 530 quod
1203 475 1394 518 ueritatis
1419 475 1578 518 uiribus
1610 477 1677 518 uel

177 547 329 598 studio,
360 547 402 588 id
436 547 546 600 quod
577 545 784 587 sententia
813 544 1011 598 postulat,
1045 557 1169 599 quam
1201 557 1350 587 manus
1379 557 1463 586 rec.
1507 549 1678 598 propter

175 616 395 657 ueritatem
435 614 621 656 scribens
660 625 739 654 non
781 612 977 654 assecuta
1017 611 1091 653 est.
1141 612 1235 664 157,
1270 613 1322 655 12
1353 614 1391 655 si
1421 615 1592 667 sapiens
1621 628 1674 668 es,

175 710 250 738 cur
288 697 519 738 damnante
560 696 598 735 te
639 675 900 747 (damianum
931 670 987 745 se)
1028 693 1094 734 dei
1134 693 1325 735 sacerdos
1364 693 1512 736 audiri
1542 693 1673 736 debeo.

177 764 416 806 correctura
459 773 605 804 manus
649 760 829 803 recentis
875 761 922 801 ut
967 773 1130 814 semper
1176 760 1261 802 fere
1308 761 1509 815 deceptus
1544 762 1676 804 'Pilius

175 834 450 875 damnantem
471 834 508 874 te
528 856 583 862 —
605 830 772 872 audire
806 829 939 871 edidit
969 829 1129 883 inepte3
1161 829 1205 871 id
1237 831 1345 872 enim
1370 831 1559 873 dicturus
1592 832 1675 874 est:

178 902 211 944 si
243 900 521 943 Athanasium
554 899 752 940 damnare
784 897 1052 947 constituisti,
1086 910 1160 939 cur
1190 898 1412 941 concilium
1436 901 1677 942 conuocasti

175 969 315 1023 ibique
365 969 548 1011 nostram
601 968 886 1023 episcoporum
938 967 1187 1008 sententiam
1239 967 1383 1009 audire
1435 968 1678 1011 desideras?

178 1039 271 1090 188,
311 1038 360 1080 31
403 1051 554 1092 neyare
591 1050 674 1078 non
712 1037 885 1078 audebis
923 1039 958 1077 te
997 1036 1046 1077 de
1083 1036 1256 1089 uiperae
1291 1038 1452 1090 (uipere
1483 1036 1565 1092 Vv)
1596 1050 1678 1079 esse

170 1106 492 1161 progenie[m].
538 1104 581 1146 id
620 1104 786 1146 facilius
828 1105 869 1146 et
906 1104 1041 1158 aptius
1083 1104 1147 1146 est
1177 1116 1302 1158 quam
1333 1106 1383 1148 de
1413 1106 1564 1159 uipera
1595 1119 1678 1148 esse

172 1176 415 1229 proyeniem
448 1174 642 1216 scribere.
684 1173 781 1224 252,
814 1173 841 1215 4
871 1176 906 1215 te
926 1199 981 1204 —-
1003 1174 1193 1215 omnium
1217 1174 1509 1230 inuitante[m]
1535 1176 1674 1228 eorda,

174 1243 285 1298 quod
317 1244 502 1298 proximo
533 1242 751 1297 participio
774 1246 810 1284 et
840 1242 1050 1284 haeresem
1072 1246 1189 1284 tuam
1209 1243 1383 1296 firmare
1404 1244 1510 1285 satis
1531 1247 1677 1297 ayente

174 1313 310 1367 magis
342 1311 671 1363 commendatur,
705 1324 830 1366 quam
853 1312 1120 1354 accusatiuus
1144 1311 1372 1363 absolutus,
1406 1325 1529 1367 quem
1552 1326 1677 1367 supra

175 1381 362 1435 pluribus
412 1380 518 1423 locis
564 1393 611 1422 ex
657 1380 803 1422 codice
845 1381 1092 1434 recepimus.
1155 1380 1250 1431 286,
1301 1381 1351 1423 13
1397 1381 1546 1423 melius
1592 1395 1675 1424 esse

172 1452 295 1493 deum
332 1449 479 1491 habere
516 1453 746 1491 amatorem
784 1463 910 1503 quam
948 1453 1078 1491 tecum
1110 1450 1243 1491 Iudas
1274 1449 1520 1492 Scariothae
1551 1455 1675 1505 atque

174 1519 431 1560 Iudaeorum
460 1517 758 1574 imitatorelm]
784 1518 952 1571 puniri.
1001 1518 1058 1559 sic
1097 1518 1314 1560 lenissima
1343 1519 1529 1560 medella
1557 1519 1675 1561 locus

175 1586 433 1636 emendatur,
466 1599 590 1640 quem
615 1586 761 1636 Tilius,
794 1599 889 1627 cum
918 1590 1049 1628 tecum
1072 1587 1185 1628 luda
1208 1587 1401 1629 Scarioth
1423 1588 1676 1630 imitatorem

179 1655 393 1705 scriberet,
412 1655 593 1696 maxima
607 1653 778 1695 licentia
794 1654 929 1708 magis
949 1654 1143 1708 corrupit.
1162 1681 1216 1686 ——
1235 1656 1303 1705 83,
1321 1656 1374 1696 27
1392 1656 1443 1698 ab
1465 1656 1675 1711 [h]om[z']-

172 1724 298 1765 nibus
338 1723 564 1765 cultoribus
603 1723 734 1764 teneri
765 1723 843 1774 dei,
886 1735 966 1776 quo
998 1722 1166 1764 insolita
1198 1724 1452 1766 consociatio
1487 1725 1674 1768 homines

173 1793 351 1834 cultores
395 1792 638 1834 remouetur
685 1791 755 1846 (cf.
788 1792 884 1841 255,
920 1792 1005 1845 12).
1037 1818 1092 1823 -
1123 1791 1191 1842 98,
1237 1794 1287 1834 17
1330 1792 1517 1849 ali[qu]a
1548 1808 1674 1847 quam

167 1861 368 1915 plurima
404 1861 530 1915 siyna
558 1862 680 1915 fiunt.
723 1860 803 1902 duo
844 1860 964 1914 signa
994 1860 1101 1914 ignis
1135 1861 1176 1902 et
1206 1861 1373 1915 pluuiae
1404 1862 1672 1915 praecedunt.

173 1929 361 1971 Latinius
392 1929 520 1983 igitur
551 1930 701 1983 aliqua
736 1929 777 1971 in
809 1944 922 1984 aqua
952 1929 1134 1971 mutauit
1165 1930 1207 1971 et
1237 1942 1331 1971 cum
1363 1929 1414 1972 iis
1445 1930 1675 1972 coniunxit:

168 1999 369 2052 pluuium
385 1999 494 2051 petit
509 2023 564 2030 -
578 2002 617 2040 et
636 1998 732 2040 ilico
751 1999 881 2040 datur
901 2012 1028 2051 aqua,
1051 1997 1122 2040 ubi
1145 1998 1412 2051 superfluum,
1435 1998 1561 2040 immo
1580 2000 1676 2053 post

166 2067 368 2120 pluuium
398 2067 584 2121 ineptum
617 2067 692 2109 est.
715 2093 770 2099 -—
797 2068 888 2118 131,
916 2067 967 2109 13
997 2081 1091 2110 cum
1121 2067 1218 2109 haec
1249 2068 1311 2108 ita
1332 2081 1374 2109 se
1403 2067 1585 2109 habeant
1604 2095 1673 2123 —-‚

172 2138 358 2188 superest
395 2136 615 2192 aut[em]
659 2150 792 2178 unum
832 2138 867 2178 te
904 2136 1043 2189 facias
1086 2149 1169 2178 esse
1214 2149 1264 2178 ex
1308 2137 1398 2178 eius
1439 2137 1481 2190 (i.
1517 2149 1550 2179 e.
1585 2136 1670 2189 dei)

173 2204 309 2245 seruis
349 2206 387 2246 et
425 2204 565 2246 discas
602 2205 810 2247 iudicium
847 2204 1056 2257 proferre,
1097 2207 1190 2246 aut
1219 2229 1274 2236 —
1305 2205 1513 2246 iudicium
1556 2207 1673 2247 tuum

172 2272 284 2314 solus
298 2285 458 2325 prome,
481 2272 553 2314 ubi
571 2272 766 2314 contrarii
785 2272 1108 2326 propositionem
1131 2275 1206 2315 aut
1223 2298 1277 2304 ——
1295 2276 1370 2314 aut
1391 2273 1511 2315 unice
1533 2273 1670 2315 locum

171 2340 327 2382 habere
359 2340 490 2394 patet,
521 2344 661 2382 autem
692 2353 792 2383 uero
826 2341 1122 2383 anacoluthum
1154 2353 1324 2395 prorsus
1347 2341 1555 2395 singulare
1579 2341 1671 2382 effi-

172 2408 299 2450 ceret.
332 2434 387 2439 -
421 2410 515 2457 152,
563 2409 616 2450 27
663 2410 712 2450 in
754 2423 833 2462 quo
878 2423 1054 2452 essemus
1093 2410 1278 2464 potiores
1315 2410 1422 2464 a[c]
1457 2410 1606 2451 scribis
1636 2413 1674 2451 et

172 2477 465 2520 Pharisaeis?
498 2478 755 2532 comparatio
787 2478 1092 2532 praepositione
1123 2493 1151 2520 a
1181 2490 1215 2520 c.
1241 2477 1320 2519 abl.
1354 2477 1520 2532 saepius
1547 2478 1670 2519 etiam

173 2546 415 2599 exprimitur
448 2546 518 2601 (cf.
551 2547 620 2597 24,
643 2547 709 2590 28.
746 2547 840 2597 163,
863 2547 929 2590 29.
963 2547 1059 2597 266,
1086 2548 1153 2589 27.
1187 2546 1283 2597 276,
1314 2547 1402 2598 22),
1435 2545 1545 2600 quod
1577 2558 1670 2587 cum

176 2614 329 2657 'rilium
367 2614 544 2670 fugeret,
586 2631 636 2658 ac
676 2615 845 2658 deleuit.
877 2641 932 2648 —
966 2616 1060 2666 162,
1093 2616 1149 2658 20
1179 2617 1217 2658 et
1255 2628 1333 2657 nos
1363 2616 1548 2657 crimina
1577 2628 1674 2656 mox

171 2687 217 2725 ut
246 2684 495 2727 uidissemus
531 2684 722 2737 inposita
752 2698 779 2725 a
808 2684 939 2733 uobis,
973 2685 1203 2726 extincturi
1233 2696 1402 2726 eramus
1430 2683 1673 2738 sace[re]s

172 2755 353 2805 nostras,
385 2754 588 2806 quoniam
619 2765 797 2795 essemus
825 2756 872 2794 ut
902 2753 1002 2795 estis
1031 2764 1107 2794 nos
1138 2752 1362 2794 tenebrae?
1399 2750 1425 2792 i.
1459 2763 1494 2793 e.
1527 2762 1672 2803 spera-

173 2819 294 2862 uistis
326 2833 400 2863 nos
430 2820 569 2863 lumen
604 2820 797 2863 ueritatis
829 2821 872 2862 et
896 2820 1008 2871 fidei,
1041 2819 1151 2874 quod
1182 2820 1300 2862 nobis
1329 2819 1456 2869 lucet,
1490 2817 1671 2860 exstinc-

1486 2896 1539 2930 b*
