1934 3278
470 254 525 289 De
551 264 620 288 non
646 253 820 298 parcendo
845 254 881 289 in
907 253 1010 288 deum
1035 253 1328 298 delinquentibus.
1558 256 1637 299 211

139 380 436 431 Melchisedec,
469 381 694 431 Abraham,
726 382 846 423 Isaac
880 381 922 422 et
951 381 1092 431 Iacob,
1119 382 1284 434 Ioseph,
1306 382 1460 433 Moses,
1484 382 1633 433 Aaron,

138 453 255 493 Iesus
275 450 405 500 Naue,
438 451 526 501 Iob,
560 449 727 492 Iudices
760 450 802 492 et
822 449 951 491 ceteri
974 462 1108 504 reges,
1140 451 1216 492 hoc
1251 452 1315 492 est
1344 451 1494 498 Dauid,
1519 453 1638 494 Iosa-

135 520 256 574 phat,
304 519 527 569 Ezechias,
574 519 727 569 Iosias,
776 531 902 573 quam
946 520 1171 561 tenuerunt
1222 520 1362 562 cuncti
1408 521 1634 574 prophetae

136 589 313 642 apostoli
333 601 380 630 38
399 589 616 642 martyres,
635 600 759 641 quam
776 589 1002 629 tenuerunt
1020 600 1162 630 omnes
1180 588 1250 641 qui
1273 588 1351 630 deo
1372 589 1638 631 inueniuntur

100 669 116 693 ⁵
134 658 370 711 placuisse?

190 728 244 768 II.
279 726 322 769 Si
353 727 430 768 hoc
462 727 539 768 tibi
571 738 595 767 a
627 725 877 767 daemonum
909 726 1068 767 dictum
1101 726 1164 768 est
1185 727 1383 780 principe,
1418 727 1514 769 audi
1536 727 1637 781 quid

133 795 222 838 fieri
255 795 358 837 deus
390 795 586 837 statuerit
627 794 678 836 de
717 795 759 836 te
798 807 870 848 per
910 794 1138 848 gloriosum
1177 797 1423 849 prophetam
1461 797 1632 838 Mosen:

130 866 170 906 si
198 868 337 906 autem
375 865 603 906 surrexerit
640 864 690 905 in
729 867 764 905 te
799 864 1006 917 propheta
1045 867 1122 905 aut
1156 866 1367 906 somnium
1407 866 1631 908 somnians

132 937 169 976 et
199 933 357 976 dederit
387 934 556 988 siynum
587 935 664 974 aut
687 932 938 986 prodiyium
969 935 1005 974 et
1035 934 1201 974 uenerit
1220 934 1346 987 siyna
1368 934 1531 987 faciens
1554 936 1630 976 aut

80 1016 114 1041 ιο
126 1003 332 1057 prodigia
370 1006 407 1044 ct
453 1003 614 1045 dixerit
658 1001 715 1044 ad
752 1005 789 1043 te
827 1002 996 1044 dicens.-
1041 1014 1186 1044 eamus
1215 1005 1252 1044 et
1289 1003 1526 1045 seruiamus
1561 1002 1628 1044 dis

131 1071 285 1113 alienis
315 1084 415 1124 quos
444 1071 630 1123 nescitis,
663 1084 751 1112 non
773 1071 957 1113 audietis
979 1070 1151 1112 uerbum
1167 1071 1395 1124 prophetae
1414 1071 1536 1114 illius
1556 1074 1632 1114 aut

130 1141 397 1190 somniantis,
430 1140 633 1192 quoniam
654 1142 828 1192 temptat
848 1139 1044 1182 dominus
1067 1139 1167 1181 deus
1188 1153 1261 1182 uos
1281 1140 1438 1192 uidere,
1469 1141 1510 1182 si
1529 1140 1634 1182 dili-

127 1211 239 1265 qatis
269 1210 490 1252 dominum
519 1209 644 1251 deum
673 1211 860 1250 uestrum
890 1223 940 1250 ex
972 1211 1051 1251 toto
1082 1211 1202 1251 corde
1231 1212 1366 1251 uestro
1395 1212 1433 1251 et
1464 1223 1514 1252 ex
1545 1211 1630 1251 tota

128 1280 279 1321 anima
309 1282 466 1321 uestra.
491 1281 588 1331 post
619 1278 837 1319 dominum
867 1278 990 1320 deum
1019 1281 1209 1320 uestram
1239 1279 1408 1321 abibitis
1429 1282 1468 1321 et
1487 1279 1627 1332 ipsum

78 1358 110 1383 1⁵
127 1348 337 1401 timebitis,
371 1351 407 1390 et
439 1347 646 1390 mandata
677 1347 767 1389 eius
796 1347 1036 1389 custodietis
1069 1350 1105 1388 et
1134 1360 1276 1389 uocem
1306 1348 1396 1389 eius
1426 1347 1621 1400 audietis,

127 1421 164 1459 et
195 1417 263 1459 illi
294 1417 582 1470 adponemini.
637 1419 674 1458 et
700 1415 907 1468 propheta
937 1416 1011 1458 ille
1049 1419 1123 1458 aut
1153 1416 1364 1458 somnium
1392 1417 1626 1466 somnians,

128 1487 197 1529 illi
228 1487 480 1529 moriantur.
530 1485 659 1527 locuti
696 1487 798 1526 sunt
825 1485 938 1526 enim
968 1485 1157 1527 seducere
1192 1498 1268 1527 uos
1297 1499 1325 1526 α
1354 1485 1522 1528 domino
1552 1485 1623 1527 deo

126 1559 278 1599 uestro.
310 1555 528 1610 cognoscis
559 1554 659 1608 quid
690 1554 777 1608 pati
806 1554 946 1595 iussus
979 1553 1064 1595 sis‘?
1096 1554 1184 1595 siue
1218 1554 1371 1595 etenim
1393 1554 1435 1595 te
1458 1553 1616 1596 somnio

127 1626 243 1668 dicas
289 1625 547 1667 admonitum
594 1624 682 1665 siue
719 1624 761 1664 te
800 1623 1043 1676 prophetam
1083 1623 1188 1664 118113
1231 1623 1447 1664 adstruere
1490 1622 1621 1672 nobis,

73 1702 106 1727 δ’)
125 1695 317 1736 inimicus
351 1694 418 1736 dei
450 1706 506 1738 es.
541 1693 609 1746 qui
642 1692 748 1734 uelis
778 1705 853 1734 nos
882 1691 1010 1733 fidem
1043 1692 1316 1745 apostolicam
1340 1692 1627 1745 derelinquere

125 1766 251 1817 atque
283 1763 495 1816 suscipere
527 1774 619 1803 eam
652 1773 757 1814 quae
789 1761 916 1814 negat
946 1760 1113 1802 unicum
1146 1760 1213 1802 dei
1244 1760 1388 1802 filium.
1436 1760 1531 1802 illos
1556 1760 1623 1801 et-

124 1833 233 1875 enim
266 1832 438 1873 cunctos
470 1843 572 1884 quos
602 1830 791 1879 recitaui,
824 1830 1044 1884 propterea
1075 1829 1185 1883 quod
1216 1830 1435 1871 credentes
1466 1829 1618 1871 fuerint

122 1901 162 1943 in
194 1902 362 1943 unicum
395 1901 462 1942 (lei
493 1900 639 1950 filium,
671 1899 810 1941 tantos
843 1911 890 1940 ac
922 1899 1030 1941 tales
1064 1899 1231 1940 effectos
1264 1900 1329 1940 est
1358 1899 1531 1948 clarum,
1564 1897 1626 1940 si-

123 1970 290 2023 quidem
321 1971 394 2023 qui
425 1983 512 2012 nori
542 1968 768 2011 crediderit
797 1969 846 2010 in
875 1968 1015 2022 filium
1045 1982 1119 2010 ‘nec
1141 1971 1314 2022 patrem
1344 1967 1505 2018 habeat,
1546 1967 1622 2020 qui

71 2043 103 2068 ²⁵
121 2052 218 2081 uero
250 2038 381 2081 credit
411 2039 459 2080 in
488 2038 630 2091 filium
667 2040 706 2079 et
735 2040 908 2090 patrem
937 2040 976 2079 et
1002 2037 1143 2091 silium
1172 2037 1335 2079 habeat.
1389 2037 1491 2078 haec
1523 2048 1616 2077 cum

120 2119 199 2149 uox
232 2107 285 2148 sit
317 2107 428 2148 beati
461 2106 668 2151 Iohannis,
701 2118 796 2147 cuni
828 2118 908 2159 quo
941 2105 1038 2159 quia
1069 2105 1122 2147 sit
1144 2105 1301 2147 faciens
1323 2105 1473 2146 chorus
1495 2115 1620 2146 sanc-

120 2176 255 2218 torum
304 2176 606 2229 apostolorum.
655 2188 797 2217 omnes
838 2175 982 2228 utique
1029 2174 1156 2216 debes
1201 2173 1460 2227 intellegere,
1507 2172 1615 2214 sicut

120 2245 389 2286 crediderunt
407 2244 595 2297 apostoli,
615 2244 725 2297 quod
742 2243 801 2285 sic
821 2243 916 2285 ante
927 2243 1105 2285 fuissent
1119 2242 1338 2284 credentes
1355 2242 1615 2296 patriarchae

121 2314 245 2366 atque
286 2314 531 2367 prophetae,
573 2313 630 2354 sic
671 2312 809 2354 cuncti
850 2311 920 2365 (1111
959 2311 1059 2353 fidei
1098 2312 1247 2353 merito
1287 2311 1476 2353 honorati
1517 2321 1608 2352 esse

66 2386 102 2412 ⁸⁰
120 2383 355 2423 noscantur.
389 2394 523 2435 neque
556 2381 665 2422 enim
697 2381 851 2434 poteris
873 2380 973 2421 mihi
995 2381 1183 2433 probare,
1216 2380 1313 2434 (11113
1335 2379 1456 2421 aliter
1476 2377 1618 2420 credi-

121 2448 270 2491 derunt
298 2451 509 2492 Abraham
542 2451 659 2492 Isaac
694 2450 736 2491 et
768 2450 892 2491 Iacob
924 2449 967 2490 et
997 2449 1118 2491 aliter
1150 2450 1353 2492 Iohannes
1385 2446 1453 2488 uel
1476 2457 1618 2488 omnes

118 2519 346 2572 coapostoli
380 2519 480 2560 81113.
515 2519 548 2560 31
582 2519 688 2560 onim
717 2531 792 2559 non
816 2518 876 2559 ita
897 2517 1165 2559 crediderunt
1188 2516 1376 2571 apostoli.
1410 2515 1455 2556 ut
1477 2514 1616 2557 credi-

252 2644 274 2678 8
300 2645 401 2680 Dent.
431 2645 483 2683 13,
513 2645 599 2679 1—:3
694 2645 736 2679 24
762 2645 777 2679 1
803 2645 872 2679 Ioh.
899 2645 931 2683 2,
960 2645 1013 2679 ⁶22.
1039 2644 1081 2678 ‘23

166 2759 180 2793 1
201 2760 340 2793 amaron
359 2759 396 2802 (h
413 2762 524 2802 eras.)
619 2760 640 2794 2
658 2760 773 2795 hiesus
866 2760 887 2795 8
904 2761 1093 2804 prophetae
1188 2760 1230 2796 10
1255 2736 1308 2794 dis
1335 2760 1352 2802 (ἦ
1377 2771 1420 2794 m.
1447 2760 1526 2802 alt.)

119 2814 161 2850 16
185 2816 336 2850 somnias
361 2827 404 2851 m.
432 2821 450 2852 1
572 2818 611 2852 17
638 2817 697 2853 ille
722 2818 892 2852 moriatur
918 2818 1098 2852 Latinius
1208 2817 1248 2852 21
1278 2818 1412 2862 suscipe
1436 2829 1479 2852 m.
1507 2820 1524 2851 1

116 2871 160 2906 23
186 2872 328 2907 effectus
422 2874 462 2908 31
492 2874 563 2909 isac

1418 2943 1482 2978 14‘
