1934 3278
494 276 546 310 De
572 278 692 310 3311610
719 275 912 311 Athanasio
938 275 1027 311 liber
1050 276 1092 311 11.
1467 278 1544 320 181

50 403 302 446 domesticos
332 403 477 453 testes,
509 402 705 455 poterunt
735 402 777 443 et
806 402 1135 456 comblasphemi
1165 402 1228 444 tui
1261 416 1285 444 a
1317 403 1394 445 deo
1427 403 1544 445 dere-

47 473 149 521 licti,
183 471 270 512 sine
299 471 455 512 lumine
486 471 533 511 ut
561 471 607 511 tu
639 483 682 512 es
713 470 836 523 positi
867 469 1026 511 Iudaei.
1076 471 1110 512 si
1144 471 1253 513 enim
1284 484 1360 514 uos
1391 473 1542 515 haere-

49 539 123 581 tici
154 540 197 580 et
218 539 386 592 quidem
409 540 593 581 omnium
615 539 826 581 sectarum
851 538 1100 581 admittendi
1123 540 1224 581 estis
1245 540 1378 582 testes
1400 542 1547 583 contra

50 607 319 659 Christianos,
354 608 506 650 debent
536 609 577 650 et
609 608 762 650 ethnici
795 608 1016 658 6111111361,
1050 609 1258 663 siquidem
1289 609 1377 651 siue
1400 611 1546 653 Iudaei

14 685 32 710 ⁵
51 676 139 718 siue
171 677 326 719 ethnici
365 677 454 719 siue
486 690 562 719 uos
593 677 795 719 haeretici
824 677 950 730 positi
983 678 1099 718 extra
1137 677 1291 720 domini
1324 680 1547 723 ecclesiam

49 745 138 788 sitis
160 746 247 787 sine
272 746 362 795 deo,
385 747 431 787 ut
451 747 548 788 111116
571 746 632 787 1111
654 746 794 788 cuncti
816 746 885 799 qui
907 758 987 788 non
1009 747 1161 788 fuerint
1180 747 1222 789 in
1245 760 1343 790 3163
1364 750 1545 792 sanctis-

53 814 146 856 simi
174 815 277 857 Noe.
331 815 379 855 ut
409 815 518 856 enim
548 815 610 856 illi
640 814 764 868 positi
798 815 914 856 extra
946 827 1086 856 arcam
1120 815 1276 858 saluari
1308 830 1387 859 non
1419 820 1544 872 potu-

51 884 182 934 erunt,
215 884 276 925 ita
306 896 381 925 nec
415 896 502 934 uos,
542 883 618 925 sed
657 883 715 925 sic
750 883 842 924 sitis
880 883 1102 935 interituri,
1143 884 1222 926 nisi
1255 886 1474 930 credentes
1505 888 1546 930 in

52 953 219 995 unicum
252 953 318 995 dei
349 953 482 994 filium
506 953 594 995 eius
615 952 657 994 in
679 952 826 994 sancta
848 952 1029 994 66616313
1050 952 1211 994 fueritis
1233 956 1546 999 commanentes

0 1026 32 1052 ¹⁰
51 1022 278 1065 nobiscum.
331 1022 366 1063 si
396 1022 523 1076 igitur
553 1021 685 1063 testes
716 1033 850 1074 neque
882 1021 929 1062 tu
959 1034 1094 1075 neque
1126 1022 1454 1077 comblasphemi
1484 1025 1546 1067 tui

52 1104 142 1133 esse
173 1091 363 1145 potestis,
403 1091 611 1145 quomodo
641 1090 792 1141 fecisti,
833 1090 1110 1132 insulsissime
1149 1104 1234 1142 rex,
1277 1092 1465 1134 damnari
1506 1095 1548 1136 et

49 1159 216 1213 quidem
253 1173 277 1202 a
306 1160 677 1203 consacerdotibus
699 1160 785 1201 suis
805 1159 936 1201 totius
958 1159 1094 1201 uirum
1115 1160 1405 1204 innocentiae?
1438 1162 1546 1204 addo

48 1227 166 1279 illud,
207 1229 304 1282 quia
342 1229 426 1271 iam
464 1229 583 1271 illum
625 1228 938 1270 accusaueratis
976 1227 1104 1270 fuisse
1144 1229 1397 1271 homicidam
1437 1231 1545 1285 apud

49 1296 264 1340 Serdicam
295 1299 336 1340 in
369 1298 523 1353 synodo
555 1298 872 1348 catholicorum,
907 1298 948 1338 et
978 1298 1154 1351 probare
1174 1298 1345 1340 minime
1366 1300 1549 1342 ualuerit

0 1366 244 1421 ²⁵iniquitas
276 1369 431 1409 uestra.
466 1367 575 1409 addo
607 1367 718 1420 quod
749 1367 795 1408 tu
827 1366 916 1420 ipse
952 1366 1004 1407 ad
1037 1366 1263 1408 ecclesiam
1294 1367 1546 1411 Alexandri-

48 1449 192 1478 norum
232 1436 399 1479 dederis
437 1436 602 1477 litteras
643 1435 864 1477 adstruens
903 1434 1023 1476 illum
1063 1435 1197 1476 uirum
1238 1436 1408 1488 iustum,
1456 1438 1547 1492 epi-

48 1518 217 1559 scopum
239 1505 505 1548 catholicum.
540 1505 593 1547 ad
614 1505 824 1555 ultimum,
847 1504 1017 1545 tametsi
1038 1506 1270 1557 peccasset,
1293 1506 1547 1549 Athanasius

47 1575 181 1616 fuerat
209 1575 428 1629 pellendus
461 1588 484 1616 a
513 1574 665 1628 populo
698 1574 777 1616 sibi
815 1573 1052 1623 601111111330,
1101 1574 1143 1615 61
1182 1574 1351 1627 quidem
1391 1576 1437 1617 ut
1474 1574 1546 1617 ille

45 1645 220 1698 populus
262 1645 390 1686 alium
422 1657 443 1686 6
474 1656 644 1698 corpore
684 1656 758 1686 suo
787 1643 969 1699 {dignum
1008 1643 1173 1696 peteret
1214 1643 1291 1685 sibi
1330 1643 1421 1685 fieri
1455 1643 1546 1698 epi-

0 1722 30 1750 »
47 1726 239 1767 scopum3
272 1727 351 1757 non
372 1714 514 1755 tamen
533 1712 671 1755 fuerat
691 1712 833 1767 gladio
855 1724 928 1766 per
949 1713 991 1753 te
1012 1712 1305 1766 imperatorem
1327 1712 1544 1766 petendus.

49 1784 91 1824 at
120 1794 215 1825 cum
247 1785 293 1825 tu
323 1783 416 1825 loco
454 1782 700 1832 innocentis,
750 1782 790 1823 in
831 1794 955 1835 quem
996 1781 1097 1822 nihil
1137 1781 1225 1823 11611
1264 1781 1545 1832 constitueris,

45 1852 136 1895 loco
167 1852 364 1894 catholici
396 1851 560 1893 miseris
591 1851 923 1905 consacrilegum
943 1851 1061 1892 tuum
1087 1851 1314 1905 Georgium
1337 1852 1378 1892 61
1399 1850 1545 1892 1101611-

46 1922 157 1964 tibus
197 1922 286 1963 eius
330 1920 534 1962 maculari
574 1920 795 1974 sacrilegio
835 1920 975 1961 tantas
1017 1919 1291 1962 contumelias
1321 1920 1545 1974 tantasque

46 1989 234 2032 intuleris
263 2002 433 2044 poenas,
465 1990 513 2030 ut
532 1989 734 2043 plurimos
754 1989 1061 2042 proscripseris,
1093 1989 1349 2042 relegaueris
1379 1989 1420 2030 in
1454 1989 1543 2030 exi-

0 2059 112 2102 aliis
140 2060 182 2101 in
212 2059 410 2109 metallis,
442 2070 566 2112 quam
598 2058 799 2112 plurimos
833 2058 959 2100 etiam
981 2057 1240 2099 interfeceris
1273 2059 1315 2099 61
1335 2057 1543 2111 hodieque

48 2141 124 2170 non
157 2128 323 2171 desinas
357 2142 406 2170 ea
426 2129 565 2170 facere
586 2127 890 2181 blasphemiam
910 2129 1042 2178 tuam,
1075 2140 1182 2181 quae
1207 2128 1271 2169 est
1293 2129 1334 2169 et
1358 2128 1542 2182 Georgii,

49 2197 258 2251 suscipere
288 2197 538 2246 nolentibus,
571 2209 678 2250 quae
709 2197 807 2238 irati
828 2197 971 2238 hostes
992 2196 1266 2238 inmanissimi
1288 2197 1454 2239 barbari
1476 2197 1545 2239 uix

48 2265 221 2316 faciant,
269 2266 476 2320 quomodo
515 2266 558 2307 te
600 2266 814 2308 arbitraris
850 2278 973 2319 posse
1018 2265 1207 2320 intellegi
1247 2265 1543 2318 Christianum,

49 2335 116 2388 qui
138 2337 179 2377 et
199 2336 299 2378 feris
320 2334 577 2377 saeuissimis
607 2334 792 2377 uidearis
825 2347 915 2377 esse
938 2334 1112 2377 ferocior
1134 2335 1176 2376 et
1196 2335 1331 2377 beluis
1353 2335 1544 2377 omnibus

0 2402 276 2446 ³Humanior?
313 2404 429 2446 fuisti
462 2415 588 2446 ausus
619 2404 759 2446 dicere
790 2403 1066 2446 Athanasium
1097 2403 1429 2456 percutiendum,
1462 2417 1540 2447 11011

49 2472 306 2526 conspiciens
353 2474 451 2515 111116
491 2485 567 2515 1103
606 2472 803 2515 Arrianos
844 2485 935 2515 6336
976 2472 1141 2526 punitos
1185 2473 1228 2514 61
1265 2471 1432 2526 quidem
1474 2472 1541 2514 dei

115 2642 156 2677 13
180 2643 259 2678 illut
284 2656 327 2679 m.
353 2648 372 2679 1
468 2645 489 2680 8
508 2645 592 2680 estis
610 2649 795 2690 exspectes
892 2644 934 2678 14
948 2643 1085 2689 probari
1098 2644 1193 2679 coni.
1211 2643 1326 2679 Coleti
1421 2644 1462 2679 15
1481 2644 1543 2678 ini-

48 2699 161 2744 quitas
178 2712 210 2741 v,
235 2701 434 2746 iniquitatis
465 2703 498 2737 V
586 2702 627 2737 21
655 2702 700 2737 ad
793 2702 1013 2736 constitueris
1038 2702 1175 2746 scripsi
1203 2703 1269 2746 (απ
1293 2702 1491 2737 constiterit
1501 2702 1545 2745 Ρ),

45 2758 265 2792 constituerit
293 2759 334 2800 V,
358 2761 399 2793 tu
422 2759 578 2804 iniquum
602 2759 689 2794 nihil
713 2760 844 2794 ueritus
868 2759 1063 2794 restitueris
1088 2761 1125 2794 et
1148 2760 1241 2794 com'.
1268 2760 1450 2795 Latinius

44 2824 89 2860 22
111 2825 273 2862 catholici
304 2827 396 2862 coni.
423 2827 624 2870 Latinius,
660 2810 843 2864 catholicis
870 2832 894 2872 (⁸
919 2839 963 2863 m.
989 2829 1074 2872 rec.)
1107 2829 1141 2864 V
1227 2827 1272 2862 25
1296 2827 1469 2874 hodieque
1501 2829 1540 2868 V,

43 2879 146 2918 1101116
171 2895 202 2925 v,
226 2883 330 2919 hodie
355 2895 487 2930 quoque
512 2886 600 2928 fort.
693 2885 737 2920 29
762 2877 851 2920 feres
876 2897 919 2920 m.
944 2890 964 2920 1
