1934 3278
281 210 361 253 100
927 208 1120 243 Luciferi

276 342 313 378 te
343 337 493 391 iyriem,
534 339 570 378 et
600 336 840 389 disperdam
878 338 996 376 tuam
1026 335 1169 377 Achab
1200 335 1449 388 mingentem
1480 335 1535 376 ad
1560 337 1766 388 parietem

274 409 310 447 et
342 407 578 447 contentum
618 408 653 447 et
693 404 900 456 reliquam
930 404 979 445 in
1009 404 1158 446 Israel.
1221 407 1257 445 et
1297 403 1401 445 dabo
1442 404 1608 446 domum
1646 408 1767 446 taam

275 475 384 516 sicut
415 474 582 516 domum
612 473 862 515 Hieroboam
890 472 974 526 filii
1009 472 1193 524 Nabata,
1226 472 1332 513 sicut
1359 472 1526 514 domum
1548 472 1662 515 Saba
1679 474 1766 527 filii·

278 543 416 595 Aeia,
461 557 543 596 pro
590 543 778 585 omnibus
817 541 1196 583 exacerbationibus
1243 541 1391 594 quibus
1438 542 1690 584 exacerbasti
1728 545 1767 584 et

268 615 487 666 peccatum
518 611 668 653 dedisti
698 611 745 651 in
776 609 926 651 Israel.
960 611 1073 652 etad
1104 610 1264 652 Iezabel
1296 611 1451 651 locutus
1481 613 1540 652 est
1569 611 1765 653 dominus
1802 621 1819 645 ⁵

275 681 440 722 dicens:
471 692 593 721 caries
624 678 940 720 manducabunt
970 691 1060 719 eam
1083 681 1180 720 arcte
1200 692 1367 720 maram
1388 678 1562 734 Ieerael,
1595 682 1632 720 et
1652 693 1763 721 mor-

275 753 363 790 tuos
408 751 498 790 tuos
538 749 585 790 in
617 749 788 789 ciuitate
826 746 1142 788 manducabunt
1180 746 1366 788 uolucres
1396 747 1514 789 cael-i.
1575 747 1673 800 quid
1702 748 1762 797 tu,

274 817 505 866 Constanti,
548 816 650 858 dicis
691 815 744 857 ad
783 817 915 856 haec?
962 815 1122 856 minora
1160 816 1309 858 astruis
1350 829 1440 858 esse
1480 817 1655 869 peccata
1690 817 1765 857 tua

272 898 395 938 quam
427 884 593 926 fuerunt
623 884 766 925 Achab
800 884 841 925 et
872 883 1065 925 Iezabel?
1096 883 1157 924 illi
1181 885 1419 926 sacerdotes
1453 885 1519 926 dei
1551 885 1645 926 sunt
1665 897 1761 938 per-

271 953 416 1002 secuti,
448 952 749 994 interemerunt
781 952 846 993 dei
888 952 1149 1002 domesticos,
1189 952 1431 1006 religionem
1473 953 1539 994 dei
1577 954 1764 994 tulerunt
1786 962 1816 987 10

272 1022 312 1062 et
344 1021 626 1063 idololatriam
658 1021 904 1070 statuerunt,
944 1021 1139 1074 populum
1174 1021 1412 1062 auerterunt
1453 1035 1476 1062 a
1517 1022 1604 1063 deo.
1647 1022 1687 1063 et
1716 1022 1762 1062 tu

270 1090 371 1131 haec
406 1089 543 1130 omnia
573 1088 709 1130 fecisti
743 1102 788 1130 ac
820 1089 935 1131 facis.
998 1090 1055 1131 sic
1098 1102 1171 1131 nos
1201 1091 1247 1131 tu
1278 1103 1403 1132 uocas
1434 1090 1623 1132 inimicos
1653 1091 1760 1140 tuos,

272 1158 478 1212 quomodo
512 1158 552 1199 et
583 1158 726 1199 Achab
758 1159 937 1209 Heliam,
980 1159 1050 1211 qui
1092 1171 1186 1199 cum
1219 1159 1404 1200 audisset
1437 1171 1504 1200 ore
1535 1158 1760 1211 prophetae

272 1227 426 1268 domini
447 1226 787 1280 indignationem,
814 1227 983 1268 dixerit:
1017 1228 1056 1268 si
1076 1227 1280 1269 inueriisti
1302 1241 1373 1280 me,
1395 1228 1596 1269 inimicus
1616 1227 1762 1269 Achab

269 1296 389 1350 reyi?
449 1308 596 1348 nempe
629 1295 724 1348 quia
755 1295 933 1337 diceret:
982 1295 1068 1337 noli
1106 1295 1232 1338 idolis
1260 1297 1432 1348 seruire,
1471 1297 1540 1338 sed
1581 1296 1653 1337 deo
1682 1296 1763 1338 soli
1785 1308 1817 1333 15

270 1364 468 1406 Abrahae
499 1363 626 1406 Isaac
656 1367 692 1405 et
723 1364 873 1405 Israel.
927 1363 967 1405 et
998 1377 1102 1405 nunc
1137 1364 1233 1417 quia
1252 1364 1328 1406 tibi
1356 1365 1538 1406 dicatur:
1572 1364 1660 1406 noli
1681 1377 1763 1406 esse

267 1433 510 1484 haeretica&
543 1433 613 1474 sed
633 1435 714 1475 esto
746 1432 1031 1486 Christianus,
1063 1432 1251 1475 inimicos
1272 1445 1411 1483 uocas,
1435 1446 1508 1475 cur
1528 1434 1603 1475 tibi
1625 1433 1761 1475 idolo-

266 1501 432 1543 latriam
463 1501 643 1542 tradenti
675 1502 777 1543 haec
809 1501 1049 1554 ingerantur
1089 1514 1194 1554 quae
1234 1501 1385 1544 fuerint
1424 1502 1588 1555 ingesta
1620 1503 1660 1543 et
1689 1515 1762 1555 per

267 1570 434 1612 Heliam
466 1570 555 1623 regi
586 1570 751 1618 Achab3
785 1570 853 1623 qui
886 1569 1028 1612 Achab
1063 1570 1274 1612 dilexisset
1304 1570 1487 1623 profecto
1509 1571 1688 1621 Heliam,
1726 1571 1759 1612 si

272 1639 359 1680 eius
390 1638 513 1680 idolis
558 1638 711 1680 domini
750 1639 950 1691 propheta
988 1639 1219 1680 censuisset
1258 1639 1533 1689 seruiendum,
1576 1640 1757 1681 derelin-
1780 1660 1815 1684 20

269 1707 479 1760 quendum
511 1720 609 1749 uero
643 1708 778 1749 deum.
826 1720 977 1761 negare
1010 1708 1051 1749 et
1086 1708 1131 1751 tu
1162 1707 1337 1749 totidem
1376 1721 1453 1750 non
1484 1708 1614 1761 potes,
1649 1708 1763 1761 quod=

268 1777 388 1825 enim,
424 1776 458 1817 si
492 1789 582 1818 esse
615 1776 915 1829 delegissemus
947 1776 1056 1829 quod
1086 1776 1174 1829 ipse
1206 1789 1261 1827 es,
1294 1776 1442 1818 fuisses
1465 1790 1537 1818 nos
1560 1777 1757 1830 singulari

268 1845 496 1887 dilecturus
530 1845 689 1886 affectu.
752 1845 900 1898 quibus
930 1846 1054 1886 rebus
1085 1844 1340 1898 intellegeris
1373 1857 1462 1886 esse
1487 1845 1597 1892 filius
1628 1845 1756 1898 pesti-

263 1913 433 1963 lentiae,
456 1914 721 1961 tenebrarum
745 1914 845 1964 fons,
869 1926 1021 1967 gurges
1044 1914 1225 1955 omnium
1242 1914 1457 1963 malorum,
1482 1915 1608 1967 caput
1627 1914 1755 1956 totius

266 1982 489 2035 nequitiae,
514 1982 678 2024 sentina
701 1983 881 2024 omnium
904 1983 1252 2035 blasphemorum,
1286 1983 1589 2024 haereticorum
1609 1982 1752 2032 fomes,
1776 2000 1811 2025 2⁵

265 2051 381 2091 radix
407 2050 706 2101 amaritudinis,
734 2052 853 2093 arbos
875 2051 960 2104 igni
985 2051 1191 2092 destinata
1213 2051 1361 2103 quippe
1389 2050 1576 2092 adferens
1599 2051 1756 2093 fructus

264 2119 509 2170 mortiferos,
542 2119 733 2161 inimicus
757 2120 834 2169 dei,
858 2120 989 2162 hostis
1013 2119 1228 2169 ecclesiae,
1260 2119 1449 2161 ueritatis
1471 2119 1753 2172 interpolator,

263 2188 482 2240 prauitatis
508 2187 786 2236 concinnator,
809 2186 1037 2228 iniustitiae
1061 2187 1231 2236 amator,
1264 2186 1448 2228 iustitiae
1472 2186 1752 2234 aduersarius,

261 2256 374 2299 totus
412 2256 452 2297 in
483 2256 677 2297 tenebras
718 2255 759 2295 et
790 2255 956 2308 quidem
987 2255 1293 2297 inextricabiles
1325 2267 1569 2305 conuersus,
1618 2255 1754 2295 factus

263 2337 361 2366 uero
402 2324 542 2366 uerius
579 2324 781 2377 templum
822 2324 1001 2366 omnium
1045 2324 1302 2374 daemonum,
1345 2337 1516 2377 quorum
1555 2323 1752 2364 instinctu
1772 2341 1809 2367 30

329 2485 350 2517 2
374 2486 575 2518 contentum
600 2485 746 2528 scripsi,
773 2486 1008 2527 contemptum
1041 2485 1098 2527 Vv,
1125 2483 1358 2527 συνεχόμενον
1384 2482 1497 2516 LXX
1611 2483 1631 2516 6
1657 2483 1744 2537 10011-

261 2541 356 2574 rahel
388 2542 425 2581 V,
450 2541 556 2575 Israel
582 2553 600 2575 v
725 2541 766 2575 10
791 2541 1031 2574 interimerunt
1062 2542 1111 2575 Vr
1239 2540 1279 2573 13
1305 2551 1383 2592 orae
1518 2539 1557 2572 15
1582 2550 1661 2583 rege

262 2632 301 2665 17
328 2597 385 2665 {lm
418 2620 452 2675 (ἑὲ
474 2643 516 2665 m.
542 2634 626 2675 rec.)
721 2632 918 2666 idolatriam
1024 2632 1065 2666 18
1089 2632 1288 2674 ingerentur
1312 2642 1331 2664 v
1435 2630 1474 2663 21
1503 2641 1628 2674 negare
1654 2632 1688 2663 et
1713 2632 1751 2663 tu

260 2688 406 2731 scripsi,
432 2690 576 2731 negaret
599 2691 637 2722 ut
668 2690 705 2732 V,
731 2700 857 2732 negare
881 2691 920 2723 tu
945 2689 980 2722 id
1005 2701 1024 2723 v
1116 2688 1262 2722 totidem
1288 2698 1352 2722 om.
1380 2699 1398 2721 v
1492 2687 1535 2720 22
1560 2698 1634 2721 0330
1660 2687 1750 2721 delc-

259 2745 426 2789 gissemus
452 2746 598 2788 scripsi,
626 2748 717 2780 esset
733 2746 953 2790 elegissemus
979 2747 1013 2789 V,
1040 2756 1113 2780 esse
1139 2745 1352 2790 eligissemus
1369 2756 1393 2779 υ.
1481 2744 1524 2777 24
1542 2744 1659 2789 gurgis

258 2813 301 2846 26
326 2794 446 2857 frueltbs
475 2814 581 2855 (corr.
608 2825 650 2848 m.
677 2816 760 2856 rec.)
855 2813 896 2847 27
923 2814 1078 2848 inimicos
1103 2824 1145 2848 m.
1175 2816 1190 2846 1
