1934 3278
472 250 526 285 De
550 261 620 285 non
644 250 819 295 parcendo
845 251 882 286 in
907 251 1009 286 deum
1035 251 1329 296 delinquentibus.
1573 253 1657 296 255

154 377 272 420 cuius
310 377 366 420 sis
405 378 551 420 tenens
582 376 663 418 iter
693 377 862 428 mortis,
908 377 1087 419 multum
1125 379 1168 420 te
1206 378 1412 422 insulsum
1444 381 1653 430 ostendes,

154 445 223 499 qui
254 445 361 488 uelis
391 446 467 488 hoc
502 458 593 488 esse
624 445 735 500 quod
765 446 847 488 fuit
884 446 954 488 ille
993 447 1175 489 Iudaeus
1205 449 1568 504 pseudopropheta
1614 452 1656 494 et

152 514 257 557 nolis
288 516 330 557 te
361 515 445 557 illis
475 515 679 557 nominari
710 515 927 557 uocabulis
958 516 1172 558 nominum
1203 517 1353 570 quibus
1374 518 1500 560 fuerit
1523 521 1565 561 et
1584 520 1654 563 ille

153 585 341 626 uocatus.
393 584 544 626 iterum
577 584 619 625 et
648 584 790 626 hortor
822 584 864 625 et
896 583 1109 638 deprecor,
1142 585 1188 626 ut
1220 586 1262 626 et
1291 598 1462 637 moneo,
1502 588 1550 630 ut
1578 589 1654 631 tibi

118 652 260 695 ⁵uelis
298 653 536 703 consulere,
583 665 633 694 ne
667 653 837 694 aeterna
866 654 909 694 te
943 653 1124 707 accipiat
1160 666 1307 708 poena.
1359 655 1394 697 si
1435 656 1543 698 enim
1582 657 1654 699 ille

146 722 210 763 ita
240 722 393 763 meruit
425 721 654 772 excaecari,
696 722 794 775 quia
822 723 1040 775 temptarit
1070 723 1281 773 resistere,
1321 725 1516 778 conspice
1547 739 1654 780 quae

146 790 227 833 tibi
258 790 506 833 homicidae.
540 803 645 844 quae
679 790 897 845 sacrilego,
931 790 1182 833 destructori
1215 792 1280 834 dei
1311 793 1525 847 religionis
1555 807 1664 848 pos—A

154 859 238 900 sint
267 859 381 900 mala
410 859 716 913 repraesentari
749 860 790 901 et
820 859 860 900 in
883 860 959 901 hac
984 860 1073 901 uita
1096 860 1137 901 et
1157 860 1198 901 in
1219 861 1478 914 perpetuum.
1511 863 1654 917 accipe

156 927 290 969 adhuc
333 940 381 969 ea
421 941 527 982 quae
565 929 607 970 te
647 928 826 970 formare
866 929 1043 982 possunt
1083 941 1160 970 non
1205 942 1296 972 esse
1331 931 1656 974 contumeliosos

102 1002 135 1027 ¹⁰
151 1009 246 1046 nos,
287 996 362 1039 sed
402 1010 588 1039 ueraceS.
641 997 846 1039 Antiocho
890 998 1050 1051 septem
1091 997 1155 1038 illi
1185 998 1474 1051 gloriosissimi
1505 1000 1656 1044 fratres

151 1065 409 1118 restiterunt,
449 1079 595 1120 nempe
628 1066 674 1107 ut
705 1078 812 1108 nunc
844 1066 920 1108 tibi
951 1079 1026 1108 nos
1056 1066 1302 1109 restitimus.
1354 1068 1496 1122 legisti
1528 1083 1655 1123 quar-

152 1134 219 1175 tus
252 1134 351 1188 quid
382 1134 644 1188 responderit
675 1134 966 1188 conpestilenti
998 1135 1083 1185 tuo,
1118 1135 1187 1188 qui
1219 1149 1285 1177 me
1308 1137 1656 1180 contumeliosum

154 1202 338 1258 dignaris
370 1203 601 1250 clamitare,
636 1204 733 1258 quia
766 1204 903 1246 dicam
934 1204 1009 1247 tibi
1044 1205 1155 1258 quod
1180 1205 1259 1247 nisi
1281 1218 1508 1249 conuersus
1529 1207 1657 1250 fueris

152 1272 206 1313 ad
238 1271 383 1323 deum,
430 1272 470 1314 in
505 1273 719 1314 aeternum
753 1272 809 1314 sis
839 1273 1107 1322 interiturus3
1154 1286 1302 1328 nempe
1345 1274 1469 1316 dicit:
1512 1278 1657 1328 potius

101 1346 133 1371 1⁵
151 1343 210 1382 est
247 1341 299 1383 ab
338 1341 579 1383 hominibus
620 1343 746 1383 morti
786 1341 904 1383 datos
941 1355 1056 1396 spem
1096 1346 1311 1396 expectare
1341 1357 1369 1385 α
1399 1343 1473 1386 deo
1504 1345 1656 1386 iterum

153 1409 204 1452 ab
236 1411 327 1463 ipso
361 1410 609 1453 resuscitari
618 1430 630 1463 ‚-
659 1410 737 1452 tibi
768 1412 880 1452 enim
911 1412 1161 1453 resurrectio
1191 1412 1249 1454 ad
1279 1412 1415 1454 uitam
1446 1426 1533 1455 non
1563 1415 1655 1455 crit.

152 1478 187 1520 si
219 1492 243 1520 a
273 1479 392 1521 nobis
422 1479 467 1521 tu
498 1480 698 1534 tyrannus
730 1479 850 1522 audis
882 1479 993 1534 quod
1025 1480 1078 1521 ad
1109 1480 1243 1522 uitam
1284 1481 1340 1522 sis
1379 1482 1656 1524 resurrectio-

151 1560 247 1589 nem
278 1561 357 1590 non
390 1549 658 1602 accepturus,
703 1549 737 1590 si
768 1549 809 1590 in
840 1549 917 1590 hac
950 1548 1247 1591 incredulitate
1277 1550 1503 1602 manseris,
1546 1551 1656 1605 quod

151 1629 231 1658 non
264 1616 317 1658 ad
346 1617 553 1670 requiem,
602 1617 677 1659 sed
709 1618 761 1659 ad
792 1630 968 1671 poenam
1002 1617 1058 1659 sis
1087 1618 1400 1660 resurrecturus
1433 1619 1655 1672 sempiter-

99 1686 134 1710 ²⁰
151 1698 271 1735 nam,
320 1698 426 1739 quae
472 1686 726 1728 contumelia
772 1687 863 1728 est?
915 1687 1084 1740 quintus
1125 1699 1289 1740 quoque
1331 1699 1426 1729 cum
1464 1687 1656 1730 admotus

151 1755 299 1797 fuisset
332 1756 374 1797 et
404 1756 594 1803 uexatus,
629 1755 781 1797 dixisse
812 1755 997 1809 loquitur
1029 1755 1236 1809 scriptura
1267 1755 1381 1809 regi:
1411 1760 1658 1809 potestatem

155 1825 263 1867 inter
303 1824 490 1867 homines
521 1825 658 1876 habes,
703 1839 794 1867 cum
837 1825 896 1867 sis
927 1825 1235 1877 corruptibilis,
1278 1825 1392 1879 facts
1422 1825 1533 1878 quod
1563 1827 1658 1880 uis,-

152 1895 242 1938 noli
273 1897 410 1937 autem
437 1898 593 1949 putare
622 1907 754 1949 qenus
786 1897 976 1936 nostrum
1008 1908 1036 1936 a
1065 1895 1138 1936 deo
1167 1906 1250 1935 esse
1279 1893 1541 1936 derelictum.
1565 1909 1652 1947 pa-

152 1966 302 2007 tienter
331 1966 492 2007 sustine
521 1967 558 2006 et
596 1963 714 2013 uide,
761 1977 921 2017 magma
953 1965 1138 2017 potestas
1178 1962 1298 2004 illius
1338 1963 1522 2016 qualiter
1551 1966 1589 2005 te
1619 1966 1657 2004 et

102 2041 134 2067 2⁵
153 2046 290 2076 semen
321 2037 441 2076 tuum
471 2032 686 2087 torquebit.
734 2032 834 2086 quid
863 2031 939 2074 tibi
972 2031 1152 2082 uidetur,
1187 2031 1284 2085 quia
1314 2031 1391 2073 tali
1421 2032 1656 2074 constantia

155 2102 221 2145 dei
252 2115 399 2145 seruus
428 2102 622 2144 inuectus
654 2101 779 2143 fuerit
816 2101 858 2142 in
896 2101 1194 2155 contyrannum
1234 2101 1384 2142 tuum?
1428 2100 1655 2154 numquid-

153 2184 249 2213 nam
290 2171 535 2213 iniuriosum
572 2170 699 2212 fuisse
731 2169 934 2211 cultorem
968 2169 1034 2210 dei
1068 2168 1223 2211 diaboli
1254 2168 1461 2210 iudicabis
1493 2168 1656 2211 cultor?

152 2239 272 2281 illum
304 2252 405 2282 uera
438 2239 647 2281 dicentem
677 2239 850 2293 negabis
883 2239 1120 2292 superbum,
1159 2250 1234 2279 nec
1275 2250 1341 2279 me
1383 2236 1510 2279 debes
1542 2237 1654 2279 iudi-

153 2321 250 2351 care
287 2308 557 2358 insolentem,
606 2307 704 2362 quia
744 2308 881 2349 dicam
916 2307 993 2350 tibi
1024 2320 1103 2349 non
1136 2306 1366 2360 derelinqui
1399 2318 1474 2348 nos
1506 2319 1529 2347 a
1561 2305 1652 2355 deo,

102 2379 320 2432 sopropter
351 2390 475 2431 quem
507 2377 610 2418 haec
645 2375 887 2425 sustineam,
919 2376 962 2418 te
984 2376 1142 2425 contra,
1175 2375 1254 2417 nisi
1276 2375 1403 2416 fueris
1424 2374 1653 2423 correctus,

153 2459 247 2489 cum
279 2446 537 2500 corruptibili
568 2445 702 2500 gloria
732 2446 805 2486 tua
838 2445 890 2486 ad
922 2445 1096 2486 nihilum
1129 2445 1363 2486 uenturum.
1398 2442 1498 2496 quid
1530 2442 1655 2484 etiam

290 2583 332 2616 14
357 2582 389 2616 11
414 2581 527 2616 Mach.
555 2582 586 2625 7,
614 2582 655 2615 14
749 2580 790 2614 21
818 2579 862 2615 ib.
894 2580 926 2619 7,
955 2579 998 2613 16

224 2698 239 2732 1
256 2696 395 2732 ostendi
415 2708 432 2732 υ
519 2696 537 2730 7
553 2695 768 2731 destructore
861 2695 882 2730 8
896 2695 1049 2739 κείρει*
1064 2697 1112 2737 (re
1127 2702 1238 2738 eras.)
1335 2694 1377 2728 15
1391 2693 1563 2728 ominibus

155 2755 195 2788 17
222 2755 251 2788 si
274 2756 310 2788 te
336 2765 357 2788 a
473 2753 515 2787 19
540 2755 888 2787 resurrecsurecturus
916 2764 956 2786 m.
983 2755 1003 2786 1
1120 2751 1164 2786 22
1194 2750 1327 2785 habens
1352 2751 1439 2793 fort.
1557 2750 1600 2784 28
1627 2751 1654 2783 si

153 2811 250 2846 illum
275 2811 361 2854 fort.
467 2821 509 2845 ne
627 2809 668 2844 31
696 2811 878 2844 uenturum
903 2809 996 2843 coni.
1022 2809 1217 2848 Latinius.
1243 2811 1408 2843 uenturus
1439 2809 1507 2846 Vc.-
1533 2811 1655 2842 contra

152 2873 189 2904 te
222 2869 278 2914 qui
303 2888 348 2893 —
372 2868 418 2902 sis
444 2867 489 2902 ad
514 2867 660 2902 nihilum
686 2870 852 2901 uenturus
878 2867 971 2901 coni.
998 2866 1113 2901 Coleti
