1934 3278
444 670 885 736 MORIENDUM
926 579 1105 736 ESSE
1149 671 1281 735 PRO
1324 672 1452 735 DEI
1494 673 1705 737 FILIO.

377 838 407 877 I.
454 835 664 877 Decuerat
697 834 876 887 quidem,
913 834 1129 876 Constanti
1161 835 1399 887 imperator,
1434 836 1534 877 nihil
1565 837 1649 877 iam
1675 838 1817 878 tecum

319 906 369 947 de
405 906 555 946 diuinis
585 904 814 945 retractare
847 905 1076 957 scripturis,
1110 917 1204 945 cum
1238 917 1284 946 eo
1318 905 1517 946 uidelicet
1550 919 1674 959 quem
1706 908 1819 948 ueri-

317 975 417 1015 tatis
450 973 774 1026 compererimus
805 972 1167 1025 interpolatorem,
1210 974 1351 1014 tecum
1391 987 1513 1026 quem
1556 975 1605 1015 de
1645 975 1728 1017 illis
1771 989 1819 1017 ex

319 1043 481 1084 actibus
512 1042 595 1083 tuis
626 1042 667 1081 te
700 1040 1119 1093 comprehenderimus
1155 1053 1266 1083 esse.
1315 1041 1385 1094 qui
1425 1041 1582 1083 idcirco
1628 1043 1820 1084 dicantur

318 1112 397 1153 sibi
429 1111 650 1164 sapientes7
685 1109 795 1162 quod
831 1109 938 1150 enim
970 1109 1051 1150 sint
1081 1109 1343 1162 insipientiae
1375 1110 1454 1150 iter
1485 1111 1697 1159 tenentes;
1743 1112 1818 1153 de-

317 1180 475 1230 cuerat,
507 1180 553 1219 ut
585 1179 775 1227 diximus,
808 1178 902 1230 post
931 1178 1050 1218 tanta
1079 1178 1152 1219 illa
1186 1191 1290 1231 quae
1312 1179 1563 1232 ingessimus
1585 1181 1669 1221 iam
1691 1194 1817 1234 prae-

316 1250 414 1291 bere
456 1248 687 1297 silentium,
734 1247 912 1287 maxime
960 1259 1055 1287 cum
1102 1246 1302 1299 scriptum
1348 1248 1682 1290 meminerimus:
1730 1251 1818 1292 nole?

314 1318 561 1370 respondere
591 1315 845 1368 imprudenti
876 1315 932 1356 ad
962 1315 1287 1367 inprudentiam
1319 1315 1430 1366 eius,
1463 1330 1514 1357 ne
1544 1317 1702 1359 similis
1732 1318 1815 1370 fias

316 1387 399 1440 illi,
454 1386 495 1427 et
532 1386 704 1427 iterum:
751 1385 799 1426 in
829 1397 954 1426 aures
985 1385 1254 1436 inprudentis
1286 1385 1377 1426 oioli
1413 1386 1637 1438 quicquam
1667 1386 1815 1438 dicere,

315 1469 381 1508 ne,
421 1455 588 1508 quando
627 1454 834 1506 audierit,
883 1453 1070 1495 inrideat
1098 1456 1284 1495 sensatos
1329 1466 1538 1495 sermones
1584 1457 1687 1496 tuos.
1742 1455 1816 1497 sed

316 1525 413 1578 quia
455 1523 589 1565 adhuc
632 1523 681 1564 de
723 1535 931 1564 armorum
975 1523 1141 1564 tuorum
1181 1522 1389 1575 potestate
1431 1523 1472 1563 et
1510 1536 1619 1563 uana
1655 1523 1818 1576 imperii

314 1594 376 1634 tui
409 1592 689 1634 dominatione
721 1592 853 1633 temet
874 1592 1024 1645 collegi
1046 1591 1258 1644 plaudere.
1294 1591 1403 1644 quod
1427 1592 1534 1632 enim
1557 1592 1690 1644 possis
1715 1606 1817 1646 quos

315 1662 474 1703 ratione
509 1662 712 1702 debueras
743 1662 784 1701 in
814 1661 857 1702 id
890 1661 999 1714 quod
1031 1673 1254 1701 censueras
1286 1651 1539 1701 constituere
1570 1661 1742 1710 uiolare,
1775 1663 1816 1703 in

315 1731 379 1772 his
421 1731 609 1771 omnibus
652 1730 800 1783 quibus
831 1730 873 1770 te
904 1730 1026 1782 putas
1058 1741 1255 1782 magnum
1290 1741 1380 1770 esse
1411 1730 1452 1770 te
1483 1729 1682 1771 miserum
1715 1743 1817 1771 con-

313 1798 527 1850 temnique
561 1810 724 1838 omnem
756 1796 1022 1837 carnificinae
1053 1797 1151 1836 tuae
1182 1796 1342 1837 rabiem
1385 1809 1407 1836 a
1440 1797 1572 1838 seruis
1607 1798 1671 1839 dei
1705 1800 1817 1841 uolui

314 1866 394 1907 isto
426 1866 672 1919 praesertim
700 1866 805 1907 libro
838 1866 980 1906 notum
1014 1865 1232 1918 sacrilegio
1266 1865 1500 1907 funestatae
1524 1865 1661 1908 facere
1686 1869 1817 1909 menti

316 1935 426 1975 tuac.
459 1935 500 1975 te
525 1934 633 1975 enim
659 1947 753 1975 cum
784 1934 1004 1987 temporali
1037 1934 1195 1975 caduco
1227 1934 1364 1987 fragili
1398 1936 1655 1988 corruptibili
1689 1949 1817 1990 regno

313 2003 386 2044 tuo
417 2004 690 2045 transiturum
731 2003 770 2044 et
803 2003 856 2044 ad
889 2004 1100 2044 aeternam
1139 2015 1335 2056 poenam,
1380 2003 1459 2044 nisi
1499 2004 1573 2045 tibi
1617 2005 1715 2045 dum
1756 2006 1819 2047 est

1840 1401 1871 1425 10

1839 1743 1870 1767 15

311 2072 430 2113 locus
462 2072 705 2125 prouidens,
747 2074 1057 2125 peruenturum,
1101 2072 1359 2114 Christianos
1391 2085 1490 2113 uero
1524 2073 1577 2113 ad
1604 2073 1816 2116 aeternam
1836 2084 1869 2109 20

312 2142 511 2182 uenturos
551 2142 756 2194 requiem,
798 2141 1111 2194 incorruptibile
1152 2153 1327 2194 regnum
1360 2142 1656 2183 consecuturos
1688 2142 1817 2184 fixum

315 2210 665 2262 manifestumque
704 2211 856 2252 habere
889 2211 930 2251 te
965 2210 1168 2251 uolumus.
1223 2223 1273 2250 an
1315 2209 1535 2251 defendere
1576 2211 1814 2263 temptabis,

315 2278 426 2330 quod
460 2279 567 2319 enim
599 2292 671 2331 per
704 2280 806 2320 hanc
841 2280 1057 2320 haeresem
1095 2279 1212 2319 tuam
1242 2279 1609 2331 'conprehensurus
1650 2279 1706 2320 sis
1747 2292 1815 2320 re-

311 2358 438 2399 gnum
479 2347 711 2398 caelorum,
759 2348 804 2388 tu
847 2348 915 2400 qui
959 2360 1053 2388 cum
1096 2347 1465 2400 conpestilentibus
1506 2347 1590 2388 tuis
1628 2347 1815 2389 Arrianis

313 2415 477 2466 timens,
511 2429 561 2456 ne
596 2429 619 2456 a
641 2416 757 2457 nobis
780 2415 1028 2457 Christianis
1060 2416 1244 2457 reuictus
1276 2428 1423 2457 manus
1458 2415 1555 2456 dare
1591 2416 1812 2468 aliquando

452 2540 471 2574 S
497 2539 598 2574 Prou.
625 2540 680 2581 26,
706 2541 727 2573 4
825 2541 866 2574 10
892 2540 937 2574 ib.
965 2540 1020 2575 23.
1047 2541 1067 2574 9

382 2675 403 2707 4
429 2653 661 2719 ροιῃρεῑὲῃιιιε
760 2675 801 2709 13
827 2677 936 2709 temet
955 2675 1091 2719 scripsi
1118 2677 1236 2718 (ante
1254 2674 1395 2709 tibimet
1406 2676 1446 2718 P),
1476 2677 1578 2710 timet
1602 2677 1639 2719 V,
1665 2677 1766 2711 tiines
1787 2688 1816 2716 υ,

312 2730 438 2765 itumes
464 2733 555 2767 coni.
584 2733 715 2776 Titius,
741 2735 776 2765 te
801 2732 868 2766 tibi
893 2733 986 2766 coni.
1009 2732 1103 2767 Gall.
1211 2732 1251 2765 15
1277 2733 1540 2776 contempniquc
1642 2733 1683 2767 19
1708 2736 1820 2766 trans-

327 2790 441 2823 torum
584 2790 625 2824 21
654 2789 950 2833 incorruptibilem
1090 2789 1134 2823 22
1166 2789 1344 2824 tefendere
1379 2801 1421 2823 m.
1448 2793 1466 2823 1
1500 2791 1538 2829 V,
1571 2791 1606 2824 te
1632 2789 1817 2824 defendere

311 2857 400 2899 fort.
495 2841 811 2902 ‘24⁰⁰{30stilentibus
834 2858 890 2902 (³⁰¹¹
917 2871 959 2893 m.
988 2859 1066 2902 alt.)

1838 2424 1869 2449 25
