<?xml version="1.0" encoding="UTF-8"?>
<!DOCTYPE html PUBLIC "-//W3C//DTD XHTML 1.0 Transitional//EN"
    "http://www.w3.org/TR/xhtml1/DTD/xhtml1-transitional.dtd">
<html xmlns="http://www.w3.org/1999/xhtml" xml:lang="en" lang="en">
 <head>
  <title>
</title>
<meta http-equiv="Content-Type" content="text/html;charset=utf-8" />
  <meta name='ocr-system' content='tesseract 3.04.00' />
  <meta name='ocr-capabilities' content='ocr_page ocr_carea ocr_par ocr_line ocrx_word'/>
</head>
<body>
  <div class='ocr_page' id='page_1' title='image "./corpusscriptorum14luciuoft_0400.png"; bbox 0 0 1934 3278; ppageno 0'>
   <div class='ocr_carea' id='block_1_1' title="bbox 275 231 357 273">
    <p class='ocr_par' dir='ltr' id='par_1_1' title="bbox 275 231 357 273">
     <span class='ocr_line' id='line_1_1' title="bbox 275 231 357 273; baseline 0.012 -1"><span class='ocrx_word' id='word_1_1' title='bbox 275 231 357 273; x_wconf 87' lang='lat'>348</span> 
     </span>
    </p>
   </div>
   <div class='ocr_carea' id='block_1_2' title="bbox 274 354 1028 714">
    <p class='ocr_par' dir='ltr' id='par_1_2' title="bbox 320 354 1026 444">
     <span class='ocr_line' id='line_1_2' title="bbox 321 354 1026 397; baseline 0.001 -9"><span class='ocrx_word' id='word_1_2' title='bbox 321 355 405 389; x_wconf 79' lang='lat' dir='ltr'>cilio</span> <span class='ocrx_word' id='word_1_3' title='bbox 425 366 462 388; x_wconf 81' lang='lat' dir='ltr'>re</span> <span class='ocrx_word' id='word_1_4' title='bbox 480 356 621 397; x_wconf 70' lang='lat' dir='ltr'>infecta</span> <span class='ocrx_word' id='word_1_5' title='bbox 640 355 843 389; x_wconf 64' lang='lat' dir='ltr'>dissoluto?</span> <span class='ocrx_word' id='word_1_6' title='bbox 861 354 936 390; x_wconf 87' lang='lat' dir='ltr'>Col.</span> <span class='ocrx_word' id='word_1_7' title='bbox 955 357 1026 389; x_wconf 89' lang='lat' dir='ltr'>not.</span> 
     </span>
     <span class='ocr_line' id='line_1_3' title="bbox 320 401 745 444; baseline 0.005 -12"><span class='ocrx_word' id='word_1_8' title='bbox 320 411 397 444; x_wconf 73' lang='lat' dir='ltr'>pag.</span> <span class='ocrx_word' id='word_1_9' title='bbox 423 401 488 434; x_wconf 80' lang='lat'>257</span> <span class='ocrx_word' id='word_1_10' title='bbox 515 401 562 443; x_wconf 78' lang='lat' dir='ltr'>cf.</span> <span class='ocrx_word' id='word_1_11' title='bbox 587 412 663 444; x_wconf 70' lang='lat' dir='ltr'>pag.</span> <span class='ocrx_word' id='word_1_12' title='bbox 692 401 745 439; x_wconf 87' lang='lat'>92)</span> 
     </span>
    </p>

    <p class='ocr_par' dir='ltr' id='par_1_3' title="bbox 274 446 1028 622">
     <span class='ocr_line' id='line_1_4' title="bbox 274 446 1027 490; baseline 0 -11"><span class='ocrx_word' id='word_1_13' title='bbox 274 446 444 480; x_wconf 88' lang='lat' dir='ltr'>Eusebius</span> <span class='ocrx_word' id='word_1_14' title='bbox 471 447 650 490; x_wconf 83' lang='lat' dir='ltr'>episcopus</span> <span class='ocrx_word' id='word_1_15' title='bbox 675 446 906 480; x_wconf 86' lang='lat' dir='ltr'>Vercellensis</span> <span class='ocrx_word' id='word_1_16' title='bbox 938 457 957 479; x_wconf 88' lang='lat' dir='ltr'>a</span> <span class='ocrx_word' id='word_1_17' title='bbox 982 446 1027 479; x_wconf 91' lang='lat' dir='ltr'>le-</span> 
     </span>
     <span class='ocr_line' id='line_1_5' title="bbox 320 491 1028 535; baseline 0 -10"><span class='ocrx_word' id='word_1_18' title='bbox 320 492 413 535; x_wconf 78' lang='lat' dir='ltr'>gatis</span> <span class='ocrx_word' id='word_1_19' title='bbox 446 491 575 525; x_wconf 85' lang='lat' dir='ltr'>Liberii</span> <span class='ocrx_word' id='word_1_20' title='bbox 607 503 717 535; x_wconf 85' lang='lat' dir='ltr'>papae</span> <span class='ocrx_word' id='word_1_21' title='bbox 750 491 906 525; x_wconf 81' lang='lat' dir='ltr'>Lucifero</span> <span class='ocrx_word' id='word_1_22' title='bbox 939 492 1028 525; x_wconf 87' lang='lat' dir='ltr'>Pan-</span> 
     </span>
     <span class='ocr_line' id='line_1_6' title="bbox 321 537 1028 571; baseline 0 -1"><span class='ocrx_word' id='word_1_23' title='bbox 321 538 428 571; x_wconf 85' lang='lat' dir='ltr'>cratio</span> <span class='ocrx_word' id='word_1_24' title='bbox 455 537 587 571; x_wconf 86' lang='lat' dir='ltr'>Hilario</span> <span class='ocrx_word' id='word_1_25' title='bbox 621 537 665 570; x_wconf 89' lang='lat' dir='ltr'>ad</span> <span class='ocrx_word' id='word_1_26' title='bbox 690 538 873 570; x_wconf 83' lang='lat' dir='ltr'>concilium</span> <span class='ocrx_word' id='word_1_27' title='bbox 897 537 1028 571; x_wconf 86' lang='lat' dir='ltr'>Medio-</span> 
     </span>
     <span class='ocr_line' id='line_1_7' title="bbox 320 583 808 622; baseline 0 -6"><span class='ocrx_word' id='word_1_28' title='bbox 320 583 462 616; x_wconf 82' lang='lat' dir='ltr'>lanense</span> <span class='ocrx_word' id='word_1_29' title='bbox 487 583 658 616; x_wconf 77' lang='lat' dir='ltr'>inuitatur</span> <span class='ocrx_word' id='word_1_30' title='bbox 683 583 760 622; x_wconf 89' lang='lat'>319,</span> <span class='ocrx_word' id='word_1_31' title='bbox 788 583 808 616; x_wconf 84' lang='lat'>6</span> 
     </span>
    </p>

    <p class='ocr_par' dir='ltr' id='par_1_4' title="bbox 274 628 1028 714">
     <span class='ocr_line' id='line_1_8' title="bbox 274 628 1028 672; baseline -0.001 -10"><span class='ocrx_word' id='word_1_32' title='bbox 274 629 504 672; x_wconf 76' lang='lat' dir='ltr'>Eutychetem</span> <span class='ocrx_word' id='word_1_33' title='bbox 530 628 713 662; x_wconf 83' lang='lat' dir='ltr'>diaconum</span> <span class='ocrx_word' id='word_1_34' title='bbox 737 628 849 662; x_wconf 86' lang='lat' dir='ltr'>mittit</span> <span class='ocrx_word' id='word_1_35' title='bbox 873 628 1028 661; x_wconf 85' lang='lat' dir='ltr'>Athana-</span> 
     </span>
     <span class='ocr_line' id='line_1_9' title="bbox 320 673 853 714; baseline 0 -7"><span class='ocrx_word' id='word_1_36' title='bbox 320 675 389 708; x_wconf 89' lang='lat' dir='ltr'>sius</span> <span class='ocrx_word' id='word_1_37' title='bbox 416 674 460 707; x_wconf 88' lang='lat' dir='ltr'>ad</span> <span class='ocrx_word' id='word_1_38' title='bbox 485 673 680 708; x_wconf 84' lang='lat' dir='ltr'>Luciferum</span> <span class='ocrx_word' id='word_1_39' title='bbox 704 674 782 714; x_wconf 87' lang='lat'>322,</span> <span class='ocrx_word' id='word_1_40' title='bbox 812 673 853 707; x_wconf 91' lang='lat'>18</span> 
     </span>
    </p>
   </div>
   <div class='ocr_carea' id='block_1_3' title="bbox 272 801 1065 1083">
    <p class='ocr_par' dir='ltr' id='par_1_5' title="bbox 274 801 1029 900">
     <span class='ocr_line' id='line_1_10' title="bbox 274 801 1028 854; baseline 0 -10"><span class='ocrx_word' id='word_1_41' title='bbox 274 801 389 846; x_wconf 81' lang='lat' dir='ltr'>Fides</span> <span class='ocrx_word' id='word_1_42' title='bbox 415 810 589 844; x_wconf 86' lang='lat' dir='ltr'>catholiea</span> <span class='ocrx_word' id='word_1_43' title='bbox 622 821 661 843; x_wconf 82' lang='lat' dir='ltr'>ex</span> <span class='ocrx_word' id='word_1_44' title='bbox 694 810 849 854; x_wconf 59' lang='lat' dir='ltr'>sssnbolo</span> <span class='ocrx_word' id='word_1_45' title='bbox 875 811 1028 845; x_wconf 77' lang='lat' dir='ltr'>Nicaeno</span> 
     </span>
     <span class='ocr_line' id='line_1_11' title="bbox 320 856 1029 900; baseline 0 -10"><span class='ocrx_word' id='word_1_46' title='bbox 320 856 503 900; x_wconf 77' lang='lat' dir='ltr'>desumpta</span> <span class='ocrx_word' id='word_1_47' title='bbox 537 858 612 893; x_wconf 76' lang='grc'>167,</span> <span class='ocrx_word' id='word_1_48' title='bbox 641 856 693 890; x_wconf 89' lang='grc'>17.</span> <span class='ocrx_word' id='word_1_49' title='bbox 719 856 797 897; x_wconf 88' lang='grc'>247,</span> <span class='ocrx_word' id='word_1_50' title='bbox 825 857 876 890; x_wconf 89' lang='grc'>13.</span> <span class='ocrx_word' id='word_1_51' title='bbox 904 856 981 895; x_wconf 88' lang='grc'>292,</span> <span class='ocrx_word' id='word_1_52' title='bbox 1010 857 1029 890; x_wconf 88' lang='grc'>6</span> 
     </span>
    </p>

    <p class='ocr_par' dir='ltr' id='par_1_6' title="bbox 273 901 1029 991">
     <span class='ocr_line' id='line_1_12' title="bbox 273 901 1029 946; baseline 0.001 -11"><span class='ocrx_word' id='word_1_53' title='bbox 273 902 365 936; x_wconf 89' lang='lat' dir='ltr'>filius</span> <span class='ocrx_word' id='word_1_54' title='bbox 384 902 439 935; x_wconf 84' lang='lat' dir='ltr'>dei</span> <span class='ocrx_word' id='word_1_55' title='bbox 459 902 642 945; x_wconf 83' lang='lat' dir='ltr'>adoptiuus</span> <span class='ocrx_word' id='word_1_56' title='bbox 660 901 737 946; x_wconf 81' lang='lat'>263,</span> <span class='ocrx_word' id='word_1_57' title='bbox 757 902 785 937; x_wconf 90' lang='lat'>1.</span> <span class='ocrx_word' id='word_1_58' title='bbox 814 903 885 936; x_wconf 88' lang='lat' dir='ltr'>eius</span> <span class='ocrx_word' id='word_1_59' title='bbox 905 904 1029 936; x_wconf 85' lang='lat' dir='ltr'>natura</span> 
     </span>
     <span class='ocr_line' id='line_1_13' title="bbox 321 948 562 991; baseline 0 -9"><span class='ocrx_word' id='word_1_60' title='bbox 321 948 381 991; x_wconf 79' lang='lat' dir='ltr'>(cf.</span> <span class='ocrx_word' id='word_1_61' title='bbox 409 948 562 991; x_wconf 75' lang='lat' dir='ltr'>Arriani)</span> 
     </span>
    </p>

    <p class='ocr_par' dir='ltr' id='par_1_7' title="bbox 272 993 1065 1083">
     <span class='ocr_line' id='line_1_14' title="bbox 272 993 1065 1036; baseline 0.003 -10"><span class='ocrx_word' id='word_1_62' title='bbox 272 993 470 1027; x_wconf 68' lang='lat' dir='ltr'>Florentius</span> <span class='ocrx_word' id='word_1_63' title='bbox 483 994 651 1036; x_wconf 79' lang='lat' dir='ltr'>magister</span> <span class='ocrx_word' id='word_1_64' title='bbox 667 993 859 1027; x_wconf 84' lang='lat' dir='ltr'>officiorum</span> <span class='ocrx_word' id='word_1_65' title='bbox 877 993 955 1034; x_wconf 87' lang='lat'>321,</span> <span class='ocrx_word' id='word_1_66' title='bbox 976 994 1028 1027; x_wconf 87' lang='lat'>16.</span> <span class='ocrx_word' id='word_1_67' title='bbox 1063 1025 1065 1030; x_wconf 88' lang='lat'>.</span> 
     </span>
     <span class='ocr_line' id='line_1_15' title="bbox 318 1038 704 1083; baseline -0.003 -11"><span class='ocrx_word' id='word_1_68' title='bbox 318 1038 383 1072; x_wconf 74' lang='grc'>322</span> <span class='ocrx_word' id='word_1_69' title='bbox 421 1040 442 1073; x_wconf 87' lang='grc'>3</span> <span class='ocrx_word' id='word_1_70' title='bbox 470 1040 531 1083; x_wconf 79' lang='lat' dir='ltr'>(cf.</span> <span class='ocrx_word' id='word_1_71' title='bbox 556 1038 704 1083; x_wconf 84' lang='lat' dir='ltr'>Lucifer)</span> 
     </span>
    </p>
   </div>
   <div class='ocr_carea' id='block_1_4' title="bbox 342 1061 394 1079">
    <p class='ocr_par' dir='ltr' id='par_1_8' title="bbox 342 1061 394 1079">
     <span class='ocr_line' id='line_1_16' title="bbox 342 1061 394 1079; baseline 0 -7"><span class='ocrx_word' id='word_1_72' title='bbox 342 1061 394 1079; x_wconf 65' lang='grc' dir='ltr'>...ι-ι,</span> 
     </span>
    </p>
   </div>
   <div class='ocr_carea' id='block_1_5' title="bbox 270 1165 1063 1677">
    <p class='ocr_par' dir='ltr' id='par_1_9' title="bbox 273 1165 1063 1625">
     <span class='ocr_line' id='line_1_17' title="bbox 273 1165 1063 1220; baseline -0.008 -9"><span class='ocrx_word' id='word_1_73' title='bbox 273 1165 452 1219; x_wconf 74' lang='lat' dir='ltr'>Georgius</span> <span class='ocrx_word' id='word_1_74' title='bbox 472 1176 659 1220; x_wconf 76' lang='lat' dir='ltr'>Cappadox</span> <span class='ocrx_word' id='word_1_75' title='bbox 676 1177 842 1210; x_wconf 82' lang='lat' dir='ltr'>Arrianus</span> <span class='ocrx_word' id='word_1_76' title='bbox 869 1175 945 1212; x_wconf 82' lang='lat'>145,</span> <span class='ocrx_word' id='word_1_77' title='bbox 975 1175 1026 1208; x_wconf 89' lang='grc'>10.</span> <span class='ocrx_word' id='word_1_78' title='bbox 1061 1182 1063 1205; x_wconf 78' lang='lat'>1</span> 
     </span>
     <span class='ocr_line' id='line_1_18' title="bbox 318 1221 1062 1258; baseline -0.001 -3"><span class='ocrx_word' id='word_1_79' title='bbox 318 1222 393 1258; x_wconf 86' lang='grc'>181,</span> <span class='ocrx_word' id='word_1_80' title='bbox 421 1222 472 1257; x_wconf 89' lang='grc'>26.</span> <span class='ocrx_word' id='word_1_81' title='bbox 517 1233 536 1255; x_wconf 83' lang='lat' dir='ltr'>a</span> <span class='ocrx_word' id='word_1_82' title='bbox 562 1222 769 1257; x_wconf 85' lang='lat' dir='ltr'>Constantio</span> <span class='ocrx_word' id='word_1_83' title='bbox 795 1221 1026 1255; x_wconf 66' lang='lat' dir='ltr'>Alexandriae</span> <span class='ocrx_word' id='word_1_84' title='bbox 1061 1228 1062 1258; x_wconf 57' lang='grc' dir='ltr'><strong>ξ</strong></span> 
     </span>
     <span class='ocr_line' id='line_1_19' title="bbox 318 1267 1025 1311; baseline -0.001 -10"><span class='ocrx_word' id='word_1_85' title='bbox 318 1268 496 1311; x_wconf 68' lang='lat' dir='ltr'>episcopus</span> <span class='ocrx_word' id='word_1_86' title='bbox 516 1267 694 1301; x_wconf 82' lang='lat' dir='ltr'>ordinatus</span> <span class='ocrx_word' id='word_1_87' title='bbox 713 1268 852 1311; x_wconf 77' lang='lat' dir='ltr'>expulso</span> <span class='ocrx_word' id='word_1_88' title='bbox 870 1267 1025 1300; x_wconf 83' lang='lat' dir='ltr'>Athana-</span> 
     </span>
     <span class='ocr_line' id='line_1_20' title="bbox 317 1312 1061 1357; baseline -0.001 -11"><span class='ocrx_word' id='word_1_89' title='bbox 317 1313 447 1357; x_wconf 32' lang='grc' dir='ltr'>ιεἰοὲ80.</span> <span class='ocrx_word' id='word_1_90' title='bbox 474 1314 504 1347; x_wconf 84' lang='grc'>5.</span> <span class='ocrx_word' id='word_1_91' title='bbox 530 1314 582 1348; x_wconf 90' lang='grc'>31.</span> <span class='ocrx_word' id='word_1_92' title='bbox 608 1313 663 1353; x_wconf 91' lang='grc'>81,</span> <span class='ocrx_word' id='word_1_93' title='bbox 690 1314 719 1348; x_wconf 90' lang='grc'>2.</span> <span class='ocrx_word' id='word_1_94' title='bbox 746 1314 776 1347; x_wconf 92' lang='lat'>3.</span> <span class='ocrx_word' id='word_1_95' title='bbox 804 1314 855 1347; x_wconf 92' lang='grc'>11.</span> <span class='ocrx_word' id='word_1_96' title='bbox 881 1312 934 1347; x_wconf 81' lang='grc'>25.</span> <span class='ocrx_word' id='word_1_97' title='bbox 969 1312 1024 1347; x_wconf 90' lang='grc'>82.</span> <span class='ocrx_word' id='word_1_98' title='bbox 1060 1329 1061 1334; x_wconf 67' lang='lat'><em>=</em></span> 
     </span>
     <span class='ocr_line' id='line_1_21' title="bbox 317 1358 1060 1397; baseline -0.001 -4"><span class='ocrx_word' id='word_1_99' title='bbox 317 1360 370 1393; x_wconf 90' lang='lat'>18.</span> <span class='ocrx_word' id='word_1_100' title='bbox 418 1359 566 1392; x_wconf 85' lang='lat' dir='ltr'>reiectus</span> <span class='ocrx_word' id='word_1_101' title='bbox 599 1359 642 1393; x_wconf 85' lang='lat' dir='ltr'>ab</span> <span class='ocrx_word' id='word_1_102' title='bbox 668 1358 912 1392; x_wconf 69' lang='lat' dir='ltr'>Alexandrinis</span> <span class='ocrx_word' id='word_1_103' title='bbox 948 1359 1023 1397; x_wconf 89' lang='lat'>193,</span> <span class='ocrx_word' id='word_1_104' title='bbox 1059 1358 1060 1379; x_wconf 62' lang='lat'>³</span> 
     </span>
     <span class='ocr_line' id='line_1_22' title="bbox 316 1404 1060 1449; baseline -0.004 -11"><span class='ocrx_word' id='word_1_105' title='bbox 316 1406 369 1439; x_wconf 86' lang='lat'>23.</span> <span class='ocrx_word' id='word_1_106' title='bbox 395 1405 606 1449; x_wconf 72' lang='lat' dir='ltr'>presbyteris</span> <span class='ocrx_word' id='word_1_107' title='bbox 633 1410 668 1438; x_wconf 85' lang='lat' dir='ltr'>et</span> <span class='ocrx_word' id='word_1_108' title='bbox 693 1404 896 1438; x_wconf 87' lang='lat' dir='ltr'>diaconibus</span> <span class='ocrx_word' id='word_1_109' title='bbox 916 1415 954 1437; x_wconf 80' lang='lat' dir='ltr'>ex</span> <span class='ocrx_word' id='word_1_110' title='bbox 973 1414 1024 1438; x_wconf 88' lang='lat' dir='ltr'>ec·</span> <span class='ocrx_word' id='word_1_111' title='bbox 1058 1411 1060 1435; x_wconf 64' lang='lat'>5</span> 
     </span>
     <span class='ocr_line' id='line_1_23' title="bbox 316 1449 1023 1491; baseline -0.001 -7"><span class='ocrx_word' id='word_1_112' title='bbox 316 1451 421 1484; x_wconf 87' lang='lat' dir='ltr'>clesia</span> <span class='ocrx_word' id='word_1_113' title='bbox 447 1451 566 1484; x_wconf 78' lang='lat' dir='ltr'>eiectis</span> <span class='ocrx_word' id='word_1_114' title='bbox 592 1451 847 1484; x_wconf 84' lang='lat' dir='ltr'>communicans</span> <span class='ocrx_word' id='word_1_115' title='bbox 873 1450 950 1491; x_wconf 83' lang='lat'>330,</span> <span class='ocrx_word' id='word_1_116' title='bbox 971 1449 1023 1483; x_wconf 85' lang='lat'>12.</span> 
     </span>
     <span class='ocr_line' id='line_1_24' title="bbox 316 1495 1059 1539; baseline 0 -9"><span class='ocrx_word' id='word_1_117' title='bbox 316 1496 399 1530; x_wconf 81' lang='lat' dir='ltr'>filiis</span> <span class='ocrx_word' id='word_1_118' title='bbox 437 1496 517 1529; x_wconf 86' lang='lat' dir='ltr'>Heli</span> <span class='ocrx_word' id='word_1_119' title='bbox 555 1499 773 1539; x_wconf 78' lang='lat' dir='ltr'>comparatur</span> <span class='ocrx_word' id='word_1_120' title='bbox 809 1496 863 1531; x_wconf 84' lang='lat'>83.</span> <span class='ocrx_word' id='word_1_121' title='bbox 892 1496 934 1529; x_wconf 84' lang='lat'>14</span> <span class='ocrx_word' id='word_1_122' title='bbox 961 1495 1022 1539; x_wconf 80' lang='lat' dir='ltr'>(ef.</span> <span class='ocrx_word' id='word_1_123' title='bbox 1057 1508 1059 1530; x_wconf 72' lang='grc' dir='ltr'>ι</span> 
     </span>
     <span class='ocr_line' id='line_1_25' title="bbox 315 1541 1059 1582; baseline -0.003 -6"><span class='ocrx_word' id='word_1_124' title='bbox 315 1541 540 1582; x_wconf 71' lang='lat' dir='ltr'>Alexandria,</span> <span class='ocrx_word' id='word_1_125' title='bbox 582 1542 809 1581; x_wconf 78' lang='lat' dir='ltr'>Athanasius,</span> <span class='ocrx_word' id='word_1_126' title='bbox 851 1542 1022 1576; x_wconf 86' lang='lat' dir='ltr'>Constan-</span> <span class='ocrx_word' id='word_1_127' title='bbox 1057 1558 1059 1562; x_wconf 86' lang='lat'><em>·</em></span> 
     </span>
     <span class='ocr_line' id='line_1_26' title="bbox 314 1588 1059 1625; baseline -0.004 -4"><span class='ocrx_word' id='word_1_128' title='bbox 314 1588 395 1625; x_wconf 76' lang='lat' dir='ltr'>tius)</span> <span class='ocrx_word' id='word_1_129' title='bbox 1057 1590 1059 1618; x_wconf 65' lang='lat'>4</span> 
     </span>
    </p>

    <p class='ocr_par' dir='ltr' id='par_1_10' title="bbox 270 1633 879 1677">
     <span class='ocr_line' id='line_1_27' title="bbox 270 1633 879 1677; baseline -0.003 -9"><span class='ocrx_word' id='word_1_130' title='bbox 270 1633 569 1668; x_wconf 84' lang='lat' dir='ltr'>Gennanicienses</span> <span class='ocrx_word' id='word_1_131' title='bbox 595 1634 649 1677; x_wconf 85' lang='lat'>81,</span> <span class='ocrx_word' id='word_1_132' title='bbox 675 1634 706 1668; x_wconf 85' lang='grc'>4,</span> <span class='ocrx_word' id='word_1_133' title='bbox 734 1633 809 1673; x_wconf 93' lang='grc'>117,</span> <span class='ocrx_word' id='word_1_134' title='bbox 837 1633 879 1666; x_wconf 88' lang='grc'>20</span> 
     </span>
    </p>
   </div>
   <div class='ocr_carea' id='block_1_6' title="bbox 264 1760 1062 2626">
    <p class='ocr_par' dir='ltr' id='par_1_11' title="bbox 269 1760 1062 2597">
     <span class='ocr_line' id='line_1_28' title="bbox 269 1760 1025 1814; baseline -0.001 -11"><span class='ocrx_word' id='word_1_135' title='bbox 269 1760 456 1804; x_wconf 73' lang='lat' dir='ltr'>Haeretici</span> <span class='ocrx_word' id='word_1_136' title='bbox 482 1771 538 1814; x_wconf 81' lang='lat' dir='ltr'>qui</span> <span class='ocrx_word' id='word_1_137' title='bbox 564 1770 722 1803; x_wconf 76' lang='lat' dir='ltr'>dixerunt</span> <span class='ocrx_word' id='word_1_138' title='bbox 747 1781 816 1803; x_wconf 88' lang='lat' dir='ltr'>non</span> <span class='ocrx_word' id='word_1_139' title='bbox 834 1769 1025 1812; x_wconf 78' lang='lat' dir='ltr'>suscepisse</span> 
     </span>
     <span class='ocr_line' id='line_1_29' title="bbox 314 1814 1024 1858; baseline -0.001 -10"><span class='ocrx_word' id='word_1_140' title='bbox 314 1816 487 1849; x_wconf 84' lang='lat' dir='ltr'>hominem</span> <span class='ocrx_word' id='word_1_141' title='bbox 519 1816 561 1849; x_wconf 90' lang='lat' dir='ltr'>de</span> <span class='ocrx_word' id='word_1_142' title='bbox 590 1818 687 1849; x_wconf 88' lang='lat' dir='ltr'>utero</span> <span class='ocrx_word' id='word_1_143' title='bbox 719 1816 846 1849; x_wconf 83' lang='lat' dir='ltr'>beatae</span> <span class='ocrx_word' id='word_1_144' title='bbox 879 1814 1024 1858; x_wconf 86' lang='lat' dir='ltr'>uirginis</span> 
     </span>
     <span class='ocr_line' id='line_1_30' title="bbox 313 1861 1062 1904; baseline 0.003 -11"><span class='ocrx_word' id='word_1_145' title='bbox 313 1861 451 1894; x_wconf 78' lang='lat' dir='ltr'>unicum</span> <span class='ocrx_word' id='word_1_146' title='bbox 469 1862 577 1895; x_wconf 89' lang='lat' dir='ltr'>filium</span> <span class='ocrx_word' id='word_1_147' title='bbox 592 1861 659 1900; x_wconf 86' lang='lat' dir='ltr'>dei,</span> <span class='ocrx_word' id='word_1_148' title='bbox 681 1862 738 1904; x_wconf 82' lang='lat' dir='ltr'>qui</span> <span class='ocrx_word' id='word_1_149' title='bbox 754 1872 823 1894; x_wconf 89' lang='lat' dir='ltr'>non</span> <span class='ocrx_word' id='word_1_150' title='bbox 841 1862 938 1895; x_wconf 92' lang='lat' dir='ltr'>illum</span> <span class='ocrx_word' id='word_1_151' title='bbox 957 1871 1024 1893; x_wconf 86' lang='lat' dir='ltr'>ere·</span> <span class='ocrx_word' id='word_1_152' title='bbox 1060 1881 1062 1895; x_wconf 66' lang='grc' dir='ltr'><strong><em>ι</em></strong></span> 
     </span>
     <span class='ocr_line' id='line_1_31' title="bbox 312 1902 1062 1950; baseline -0.001 -11"><span class='ocrx_word' id='word_1_153' title='bbox 312 1906 474 1940; x_wconf 86' lang='lat' dir='ltr'>diderunt</span> <span class='ocrx_word' id='word_1_154' title='bbox 499 1907 717 1941; x_wconf 85' lang='lat' dir='ltr'>incarnatum</span> <span class='ocrx_word' id='word_1_155' title='bbox 741 1907 817 1947; x_wconf 82' lang='lat'>262,</span> <span class='ocrx_word' id='word_1_156' title='bbox 845 1909 864 1941; x_wconf 89' lang='lat'>9</span> <span class='ocrx_word' id='word_1_157' title='bbox 888 1905 1025 1950; x_wconf 66' lang='lat' dir='ltr'>(Duas</span> <span class='ocrx_word' id='word_1_158' title='bbox 1060 1902 1062 1911; x_wconf 61' lang='lat'><strong>¹</strong></span> 
     </span>
     <span class='ocr_line' id='line_1_32' title="bbox 314 1952 1024 1995; baseline -0.001 -9"><span class='ocrx_word' id='word_1_159' title='bbox 314 1954 354 1986; x_wconf 72' lang='lat' dir='ltr'>in</span> <span class='ocrx_word' id='word_1_160' title='bbox 391 1954 526 1987; x_wconf 74' lang='lat' dir='ltr'>classes</span> <span class='ocrx_word' id='word_1_161' title='bbox 567 1953 798 1987; x_wconf 64' lang='lat' dir='ltr'>diuiduntur</span> <span class='ocrx_word' id='word_1_162' title='bbox 836 1952 1024 1995; x_wconf 74' lang='lat' dir='ltr'>haeretici,</span> 
     </span>
     <span class='ocr_line' id='line_1_33' title="bbox 314 1998 1024 2041; baseline -0.001 -9"><span class='ocrx_word' id='word_1_163' title='bbox 314 1999 376 2041; x_wconf 70' lang='lat' dir='ltr'>qui</span> <span class='ocrx_word' id='word_1_164' title='bbox 403 1999 522 2032; x_wconf 76' lang='lat' dir='ltr'>Deum</span> <span class='ocrx_word' id='word_1_165' title='bbox 556 1999 710 2034; x_wconf 62' lang='lat' dir='ltr'>&#39;Vm-bam</span> <span class='ocrx_word' id='word_1_166' title='bbox 737 2002 769 2032; x_wconf 72' lang='lat' dir='ltr'>et</span> <span class='ocrx_word' id='word_1_167' title='bbox 788 1999 932 2033; x_wconf 73' lang='lat' dir='ltr'>Filium</span> <span class='ocrx_word' id='word_1_168' title='bbox 950 1998 1024 2032; x_wconf 64' lang='lat' dir='ltr'>Det</span> 
     </span>
     <span class='ocr_line' id='line_1_34' title="bbox 312 2044 1024 2089; baseline -0.001 -12"><span class='ocrx_word' id='word_1_169' title='bbox 312 2045 490 2078; x_wconf 72' lang='lat' dir='ltr'>hominem</span> <span class='ocrx_word' id='word_1_170' title='bbox 528 2046 670 2087; x_wconf 62' lang='lat' dir='ltr'>ficetum</span> <span class='ocrx_word' id='word_1_171' title='bbox 709 2055 784 2078; x_wconf 78' lang='lat' dir='ltr'>esse</span> <span class='ocrx_word' id='word_1_172' title='bbox 820 2044 1024 2089; x_wconf 30' lang='lat' dir='ltr'>ure-(scebant,-</span> 
     </span>
     <span class='ocr_line' id='line_1_35' title="bbox 314 2089 1060 2134; baseline -0.003 -11"><span class='ocrx_word' id='word_1_173' title='bbox 314 2090 382 2123; x_wconf 62' lang='lat' dir='ltr'>‹zlia&#39;</span> <span class='ocrx_word' id='word_1_174' title='bbox 408 2091 502 2123; x_wconf 76' lang='lat' dir='ltr'>enim</span> <span class='ocrx_word' id='word_1_175' title='bbox 527 2090 667 2124; x_wconf 67' lang='lat' dir='ltr'>nnllam</span> <span class='ocrx_word' id='word_1_176' title='bbox 684 2090 837 2134; x_wconf 74' lang='lat' dir='ltr'>penitus</span> <span class='ocrx_word' id='word_1_177' title='bbox 863 2089 1021 2124; x_wconf 76' lang='lat' dir='ltr'>hominis</span> <span class='ocrx_word' id='word_1_178' title='bbox 1058 2113 1060 2131; x_wconf 52' lang='lat'><em>2</em></span> 
     </span>
     <span class='ocr_line' id='line_1_36' title="bbox 312 2135 1022 2177; baseline -0.001 -8"><span class='ocrx_word' id='word_1_179' title='bbox 312 2147 391 2169; x_wconf 72' lang='lat' dir='ltr'>eum</span> <span class='ocrx_word' id='word_1_180' title='bbox 431 2137 543 2170; x_wconf 73' lang='lat' dir='ltr'>Verbo</span> <span class='ocrx_word' id='word_1_181' title='bbox 573 2136 867 2170; x_wconf 71' lang='lat' dir='ltr'>com&#39;cmctionem</span> <span class='ocrx_word' id='word_1_182' title='bbox 904 2135 1022 2177; x_wconf 72' lang='lat' dir='ltr'>fuisse</span> 
     </span>
     <span class='ocr_line' id='line_1_37' title="bbox 314 2181 1059 2225; baseline -0.001 -11"><span class='ocrx_word' id='word_1_183' title='bbox 314 2182 495 2215; x_wconf 61' lang='lat' dir='ltr'>arbitrati</span> <span class='ocrx_word' id='word_1_184' title='bbox 520 2185 619 2224; x_wconf 72' lang='lat' dir='ltr'>sunt,</span> <span class='ocrx_word' id='word_1_185' title='bbox 654 2192 807 2225; x_wconf 65' lang='lat' dir='ltr'>qaorum</span> <span class='ocrx_word' id='word_1_186' title='bbox 828 2181 1020 2225; x_wconf 70' lang='lat' dir='ltr'>principes</span> <span class='ocrx_word' id='word_1_187' title='bbox 1057 2194 1059 2221; x_wconf 66' lang='grc' dir='ltr'><em>ς</em></span> 
     </span>
     <span class='ocr_line' id='line_1_38' title="bbox 314 2224 1058 2270; baseline -0.003 -10"><span class='ocrx_word' id='word_1_188' title='bbox 314 2227 536 2260; x_wconf 67' lang='lat' dir='ltr'>Photiniani</span> <span class='ocrx_word' id='word_1_189' title='bbox 577 2230 609 2260; x_wconf 80' lang='lat' dir='ltr'>et</span> <span class='ocrx_word' id='word_1_190' title='bbox 652 2227 904 2270; x_wconf 69' lang='lat' dir='ltr'>Samosateni;</span> <span class='ocrx_word' id='word_1_191' title='bbox 954 2226 1022 2259; x_wconf 58' lang='lat' dir='ltr'>alii·</span> <span class='ocrx_word' id='word_1_192' title='bbox 1057 2224 1058 2228; x_wconf 69' lang='grc'>’</span> 
     </span>
     <span class='ocr_line' id='line_1_39' title="bbox 313 2272 1020 2317; baseline -0.001 -12"><span class='ocrx_word' id='word_1_193' title='bbox 313 2272 495 2307; x_wconf 70' lang='lat' dir='ltr'>ludicram</span> <span class='ocrx_word' id='word_1_194' title='bbox 524 2276 557 2306; x_wconf 80' lang='lat' dir='ltr'>et</span> <span class='ocrx_word' id='word_1_195' title='bbox 574 2275 659 2315; x_wconf 73' lang='lat' dir='ltr'>ficta</span> <span class='ocrx_word' id='word_1_196' title='bbox 667 2285 698 2307; x_wconf 89' lang='lat' dir='ltr'>m</span> <span class='ocrx_word' id='word_1_197' title='bbox 716 2284 759 2307; x_wconf 77' lang='lat' dir='ltr'>ae</span> <span class='ocrx_word' id='word_1_198' title='bbox 778 2273 895 2317; x_wconf 74' lang='lat' dir='ltr'>specie</span> <span class='ocrx_word' id='word_1_199' title='bbox 914 2276 1020 2305; x_wconf 72' lang='lat' dir='ltr'>tenus</span> 
     </span>
     <span class='ocr_line' id='line_1_40' title="bbox 313 2318 1019 2352; baseline -0.003 0"><span class='ocrx_word' id='word_1_200' title='bbox 313 2319 514 2352; x_wconf 53' lang='lat' dir='ltr'>erh‘ibitarn</span> <span class='ocrx_word' id='word_1_201' title='bbox 538 2318 726 2352; x_wconf 66' lang='lat' dir='ltr'>hominum</span> <span class='ocrx_word' id='word_1_202' title='bbox 752 2319 868 2352; x_wconf 72' lang='lat' dir='ltr'>oculis</span> <span class='ocrx_word' id='word_1_203' title='bbox 894 2318 1019 2352; x_wconf 72' lang='lat' dir='ltr'>incar-</span> 
     </span>
     <span class='ocr_line' id='line_1_41' title="bbox 310 2361 1057 2399; baseline -0.001 -2"><span class='ocrx_word' id='word_1_204' title='bbox 310 2365 498 2398; x_wconf 64' lang='lat' dir='ltr'>nationem</span> <span class='ocrx_word' id='word_1_205' title='bbox 525 2365 741 2398; x_wconf 64' lang='lat' dir='ltr'>docuerunt.</span> <span class='ocrx_word' id='word_1_206' title='bbox 790 2365 937 2399; x_wconf 79' lang='lat' dir='ltr'>Primos</span> <span class='ocrx_word' id='word_1_207' title='bbox 963 2363 1019 2396; x_wconf 75' lang='lat' dir='ltr'>in-</span> <span class='ocrx_word' id='word_1_208' title='bbox 1055 2361 1057 2388; x_wconf 74' lang='grc' dir='ltr'><strong><em>ἶ</em></strong></span> 
     </span>
     <span class='ocr_line' id='line_1_42' title="bbox 310 2409 1056 2453; baseline -0.001 -11"><span class='ocrx_word' id='word_1_209' title='bbox 310 2421 423 2443; x_wconf 63' lang='lat' dir='ltr'>acuere</span> <span class='ocrx_word' id='word_1_210' title='bbox 436 2409 773 2453; x_wconf 73' lang='lat' dir='ltr'>uideturLueifer;</span> <span class='ocrx_word' id='word_1_211' title='bbox 788 2413 820 2443; x_wconf 78' lang='lat' dir='ltr'>et</span> <span class='ocrx_word' id='word_1_212' title='bbox 837 2413 1020 2443; x_wconf 74' lang='lat' dir='ltr'>utrorum-</span> <span class='ocrx_word' id='word_1_213' title='bbox 1054 2411 1056 2452; x_wconf 63' lang='grc' dir='ltr'>ξ</span> 
     </span>
     <span class='ocr_line' id='line_1_43' title="bbox 311 2454 1020 2500; baseline -0.001 -12"><span class='ocrx_word' id='word_1_214' title='bbox 311 2466 378 2497; x_wconf 70' lang='lat' dir='ltr'>qne</span> <span class='ocrx_word' id='word_1_215' title='bbox 409 2456 607 2489; x_wconf 71' lang='lat' dir='ltr'>historiam</span> <span class='ocrx_word' id='word_1_216' title='bbox 645 2466 687 2489; x_wconf 82' lang='lat' dir='ltr'>ac</span> <span class='ocrx_word' id='word_1_217' title='bbox 727 2456 901 2500; x_wconf 71' lang='lat' dir='ltr'>cloymata</span> <span class='ocrx_word' id='word_1_218' title='bbox 932 2454 1020 2488; x_wconf 72' lang='lat' dir='ltr'>uide</span> 
     </span>
     <span class='ocr_line' id='line_1_44' title="bbox 312 2501 1017 2544; baseline 0.001 -12"><span class='ocrx_word' id='word_1_219' title='bbox 312 2501 414 2544; x_wconf 69' lang='lat' dir='ltr'>apud</span> <span class='ocrx_word' id='word_1_220' title='bbox 441 2502 644 2535; x_wconf 62' lang='lat' dir='ltr'>Feminam</span> <span class='ocrx_word' id='word_1_221' title='bbox 671 2501 728 2536; x_wconf 75' lang='lat' dir='ltr'>lib.</span> <span class='ocrx_word' id='word_1_222' title='bbox 757 2503 777 2535; x_wconf 78' lang='lat'>1</span> <span class='ocrx_word' id='word_1_223' title='bbox 803 2502 846 2535; x_wconf 76' lang='lat' dir='ltr'>de</span> <span class='ocrx_word' id='word_1_224' title='bbox 865 2502 1017 2535; x_wconf 65' lang='lat' dir='ltr'>lucar-n.</span> 
     </span>
     <span class='ocr_line' id='line_1_45' title="bbox 311 2545 1055 2597; baseline 0 -19"><span class='ocrx_word' id='word_1_225' title='bbox 311 2557 388 2589; x_wconf 72' lang='lat' dir='ltr'>cap.</span> <span class='ocrx_word' id='word_1_226' title='bbox 416 2549 440 2580; x_wconf 77' lang='lat'><em>2</em></span> <span class='ocrx_word' id='word_1_227' title='bbox 466 2551 499 2581; x_wconf 81' lang='lat' dir='ltr'>et</span> <span class='ocrx_word' id='word_1_228' title='bbox 526 2548 568 2581; x_wconf 65' lang='lat'>4?</span> <span class='ocrx_word' id='word_1_229' title='bbox 593 2546 666 2582; x_wconf 87' lang='lat' dir='ltr'>Col.</span> <span class='ocrx_word' id='word_1_230' title='bbox 693 2549 765 2581; x_wconf 87' lang='lat' dir='ltr'>not.</span> <span class='ocrx_word' id='word_1_231' title='bbox 790 2557 867 2590; x_wconf 87' lang='lat' dir='ltr'>pag.</span> <span class='ocrx_word' id='word_1_232' title='bbox 893 2545 970 2587; x_wconf 91' lang='grc'>217)</span> <span class='ocrx_word' id='word_1_233' title='bbox 1054 2573 1055 2597; x_wconf 28' lang='grc' dir='ltr'>ἢ</span> 
     </span>
    </p>

    <p class='ocr_par' dir='ltr' id='par_1_12' title="bbox 264 2590 1055 2626">
     <span class='ocr_line' id='line_1_46' title="bbox 264 2590 1055 2626; baseline 0 -2"><span class='ocrx_word' id='word_1_234' title='bbox 264 2590 417 2625; x_wconf 86' lang='lat' dir='ltr'>Hilarius</span> <span class='ocrx_word' id='word_1_235' title='bbox 432 2592 596 2626; x_wconf 82' lang='lat' dir='ltr'>diaconus</span> <span class='ocrx_word' id='word_1_236' title='bbox 614 2603 690 2626; x_wconf 86' lang='lat' dir='ltr'>cum</span> <span class='ocrx_word' id='word_1_237' title='bbox 707 2592 864 2626; x_wconf 83' lang='lat' dir='ltr'>Lucifero</span> <span class='ocrx_word' id='word_1_238' title='bbox 880 2593 915 2625; x_wconf 90' lang='lat' dir='ltr'>et</span> <span class='ocrx_word' id='word_1_239' title='bbox 928 2591 1018 2624; x_wconf 87' lang='lat' dir='ltr'>Pan—</span> <span class='ocrx_word' id='word_1_240' title='bbox 1054 2601 1055 2615; x_wconf 62' lang='lat'>¹</span> 
     </span>
    </p>
   </div>
   <div class='ocr_carea' id='block_1_7' title="bbox 1056 2259 1058 2278">
    <p class='ocr_par' dir='ltr' id='par_1_13' title="bbox 1056 2259 1058 2278">
     <span class='ocr_line' id='line_1_47' title="bbox 1056 2259 1058 2278; baseline 0 0"><span class='ocrx_word' id='word_1_241' title='bbox 1056 2259 1058 2278; x_wconf 75' lang='grc'>1</span> 
     </span>
    </p>
   </div>
   <div class='ocr_carea' id='block_1_8' title="bbox 1053 358 1072 2652">
    <p class='ocr_par' dir='ltr' id='par_1_14' title="bbox 1053 358 1072 2652">
     <span class='ocr_line' id='line_1_48' title="bbox 1053 358 1072 2652; baseline 0 0"><span class='ocrx_word' id='word_1_242' title='bbox 1053 358 1072 2652; x_wconf 95' lang='lat' dir='ltr'> </span> 
     </span>
    </p>
   </div>
   <div class='ocr_carea' id='block_1_9' title="bbox 310 2637 1054 2859">
    <p class='ocr_par' dir='ltr' id='par_1_15' title="bbox 310 2637 1054 2859">
     <span class='ocr_line' id='line_1_49' title="bbox 311 2637 1054 2682; baseline 0.001 -13"><span class='ocrx_word' id='word_1_243' title='bbox 311 2637 419 2670; x_wconf 85' lang='lat' dir='ltr'>cratio</span> <span class='ocrx_word' id='word_1_244' title='bbox 446 2649 464 2670; x_wconf 87' lang='lat' dir='ltr'>a</span> <span class='ocrx_word' id='word_1_245' title='bbox 490 2638 628 2671; x_wconf 84' lang='lat' dir='ltr'>Liberio</span> <span class='ocrx_word' id='word_1_246' title='bbox 654 2638 791 2682; x_wconf 81' lang='lat' dir='ltr'>legatus</span> <span class='ocrx_word' id='word_1_247' title='bbox 808 2638 933 2671; x_wconf 88' lang='lat' dir='ltr'>missus</span> <span class='ocrx_word' id='word_1_248' title='bbox 950 2637 1017 2671; x_wconf 89' lang='lat' dir='ltr'>Eu-</span> <span class='ocrx_word' id='word_1_249' title='bbox 1053 2662 1054 2681; x_wconf 43' lang='grc'>,</span> 
     </span>
     <span class='ocr_line' id='line_1_50' title="bbox 310 2682 1015 2717; baseline 0.003 -3"><span class='ocrx_word' id='word_1_250' title='bbox 310 2682 443 2716; x_wconf 83' lang='lat' dir='ltr'>sebium</span> <span class='ocrx_word' id='word_1_251' title='bbox 468 2684 598 2716; x_wconf 85' lang='lat' dir='ltr'>inuitat</span> <span class='ocrx_word' id='word_1_252' title='bbox 624 2683 668 2717; x_wconf 89' lang='lat' dir='ltr'>ad</span> <span class='ocrx_word' id='word_1_253' title='bbox 686 2684 868 2717; x_wconf 87' lang='lat' dir='ltr'>concilium</span> <span class='ocrx_word' id='word_1_254' title='bbox 885 2682 1015 2716; x_wconf 86' lang='lat' dir='ltr'>Medio-</span> 
     </span>
     <span class='ocr_line' id='line_1_51' title="bbox 310 2727 1053 2769; baseline 0.003 -10"><span class='ocrx_word' id='word_1_255' title='bbox 310 2727 451 2761; x_wconf 87' lang='lat' dir='ltr'>lanense</span> <span class='ocrx_word' id='word_1_256' title='bbox 477 2729 553 2766; x_wconf 90' lang='grc'>319,</span> <span class='ocrx_word' id='word_1_257' title='bbox 573 2729 604 2761; x_wconf 82' lang='grc'>4.</span> <span class='ocrx_word' id='word_1_258' title='bbox 624 2730 653 2763; x_wconf 90' lang='grc'>7.</span> <span class='ocrx_word' id='word_1_259' title='bbox 679 2729 755 2769; x_wconf 86' lang='grc'>331,</span> <span class='ocrx_word' id='word_1_260' title='bbox 776 2730 827 2763; x_wconf 88' lang='lat'>18.</span> <span class='ocrx_word' id='word_1_261' title='bbox 853 2729 903 2762; x_wconf 89' lang='lat' dir='ltr'>ibi</span> <span class='ocrx_word' id='word_1_262' title='bbox 928 2728 1016 2764; x_wconf 87' lang='lat' dir='ltr'>Con-</span> <span class='ocrx_word' id='word_1_263' title='bbox 1051 2732 1053 2744; x_wconf 54' lang='lat' dir='ltr'><strong><em>s</em></strong></span> 
     </span>
     <span class='ocr_line' id='line_1_52' title="bbox 311 2774 1015 2818; baseline 0.004 -13"><span class='ocrx_word' id='word_1_264' title='bbox 311 2774 479 2806; x_wconf 84' lang='lat' dir='ltr'>stantium</span> <span class='ocrx_word' id='word_1_265' title='bbox 505 2774 561 2807; x_wconf 86' lang='lat' dir='ltr'>dei</span> <span class='ocrx_word' id='word_1_266' title='bbox 586 2775 788 2818; x_wconf 82' lang='lat' dir='ltr'>religionem</span> <span class='ocrx_word' id='word_1_267' title='bbox 813 2775 1015 2818; x_wconf 79' lang='lat' dir='ltr'>impugnare</span> 
     </span>
     <span class='ocr_line' id='line_1_53' title="bbox 310 2819 561 2859; baseline 0.004 -8"><span class='ocrx_word' id='word_1_268' title='bbox 310 2819 434 2852; x_wconf 87' lang='lat' dir='ltr'>asserit</span> <span class='ocrx_word' id='word_1_269' title='bbox 459 2820 513 2859; x_wconf 92' lang='grc'>47,</span> <span class='ocrx_word' id='word_1_270' title='bbox 541 2820 561 2852; x_wconf 86' lang='grc'>6</span> 
     </span>
    </p>
   </div>
   <div class='ocr_carea' id='block_1_10' title="bbox 982 231 1134 265">
    <p class='ocr_par' dir='ltr' id='par_1_16' title="bbox 982 231 1134 265">
     <span class='ocr_line' id='line_1_54' title="bbox 982 231 1134 265; baseline 0.007 -1"><span class='ocrx_word' id='word_1_271' title='bbox 982 231 1134 265; x_wconf 82' lang='lat' dir='ltr'>Index</span> 
     </span>
    </p>
   </div>
   <div class='ocr_carea' id='block_1_11' title="bbox 1101 357 1860 823">
    <p class='ocr_par' dir='ltr' id='par_1_17' title="bbox 1101 357 1860 446">
     <span class='ocr_line' id='line_1_55' title="bbox 1101 357 1860 446; baseline 0.004 -44"><span class='ocrx_word' id='word_1_272' title='bbox 1101 357 1282 446; x_wconf 39' lang='lat' dir='ltr'>Idgssorgrtn</span> <span class='ocrx_word' id='word_1_273' title='bbox 1300 368 1435 402; x_wconf 89' lang='lat' dir='ltr'>cultura</span> <span class='ocrx_word' id='word_1_274' title='bbox 1453 368 1497 402; x_wconf 87' lang='lat' dir='ltr'>ab</span> <span class='ocrx_word' id='word_1_275' title='bbox 1517 369 1675 403; x_wconf 91' lang='lat' dir='ltr'>omnibus</span> <span class='ocrx_word' id='word_1_276' title='bbox 1695 370 1860 415; x_wconf 78' lang='lat' dir='ltr'>despecta</span> 
     </span>
    </p>

    <p class='ocr_par' dir='ltr' id='par_1_18' title="bbox 1101 458 1811 503">
     <span class='ocr_line' id='line_1_56' title="bbox 1101 458 1811 503; baseline 0.004 -12"><span class='ocrx_word' id='word_1_277' title='bbox 1101 458 1230 491; x_wconf 84' lang='lat' dir='ltr'>inauris</span> <span class='ocrx_word' id='word_1_278' title='bbox 1255 459 1472 502; x_wconf 85' lang='lat' dir='ltr'>imperatoris</span> <span class='ocrx_word' id='word_1_279' title='bbox 1498 460 1635 503; x_wconf 80' lang='lat' dir='ltr'>insigne</span> <span class='ocrx_word' id='word_1_280' title='bbox 1661 461 1739 501; x_wconf 84' lang='lat'>272,</span> <span class='ocrx_word' id='word_1_281' title='bbox 1767 461 1811 495; x_wconf 88' lang='lat'>23</span> 
     </span>
    </p>

    <p class='ocr_par' dir='ltr' id='par_1_19' title="bbox 1101 503 1859 823">
     <span class='ocr_line' id='line_1_57' title="bbox 1101 503 1859 547; baseline 0.007 -11"><span class='ocrx_word' id='word_1_282' title='bbox 1101 503 1260 537; x_wconf 88' lang='lat' dir='ltr'>Iudaicus</span> <span class='ocrx_word' id='word_1_283' title='bbox 1285 504 1430 547; x_wconf 88' lang='lat' dir='ltr'>populus</span> <span class='ocrx_word' id='word_1_284' title='bbox 1456 506 1605 538; x_wconf 81' lang='lat' dir='ltr'>carnalis</span> <span class='ocrx_word' id='word_1_285' title='bbox 1631 507 1662 546; x_wconf 90' lang='lat'>3,</span> <span class='ocrx_word' id='word_1_286' title='bbox 1683 506 1713 539; x_wconf 87' lang='grc'>9.</span> <span class='ocrx_word' id='word_1_287' title='bbox 1739 506 1859 541; x_wconf 88' lang='lat' dir='ltr'>Iudaei</span> 
     </span>
     <span class='ocr_line' id='line_1_58' title="bbox 1148 549 1859 595; baseline 0.006 -13"><span class='ocrx_word' id='word_1_288' title='bbox 1148 549 1204 582; x_wconf 90' lang='lat' dir='ltr'>dei</span> <span class='ocrx_word' id='word_1_289' title='bbox 1222 550 1351 583; x_wconf 90' lang='lat' dir='ltr'>inimici</span> <span class='ocrx_word' id='word_1_290' title='bbox 1368 549 1443 584; x_wconf 83' lang='lat'>184.</span> <span class='ocrx_word' id='word_1_291' title='bbox 1459 550 1512 584; x_wconf 90' lang='grc'>24.</span> <span class='ocrx_word' id='word_1_292' title='bbox 1538 550 1743 585; x_wconf 87' lang='lat' dir='ltr'>Iudaeorum</span> <span class='ocrx_word' id='word_1_293' title='bbox 1762 562 1859 595; x_wconf 86' lang='lat' dir='ltr'>reges</span> 
     </span>
     <span class='ocr_line' id='line_1_59' title="bbox 1150 594 1858 636; baseline 0.006 -9"><span class='ocrx_word' id='word_1_294' title='bbox 1150 606 1169 627; x_wconf 88' lang='lat' dir='ltr'>a</span> <span class='ocrx_word' id='word_1_295' title='bbox 1196 594 1252 628; x_wconf 89' lang='lat' dir='ltr'>dei</span> <span class='ocrx_word' id='word_1_296' title='bbox 1278 595 1408 628; x_wconf 83' lang='lat' dir='ltr'>notitia</span> <span class='ocrx_word' id='word_1_297' title='bbox 1434 596 1539 629; x_wconf 87' lang='lat' dir='ltr'>alieni</span> <span class='ocrx_word' id='word_1_298' title='bbox 1565 596 1621 636; x_wconf 83' lang='lat'>35,</span> <span class='ocrx_word' id='word_1_299' title='bbox 1642 597 1694 630; x_wconf 95' lang='grc'>11.</span> <span class='ocrx_word' id='word_1_300' title='bbox 1720 597 1858 631; x_wconf 87' lang='lat' dir='ltr'>Iudaeis</span> 
     </span>
     <span class='ocr_line' id='line_1_60' title="bbox 1147 640 1859 676; baseline 0.004 -3"><span class='ocrx_word' id='word_1_301' title='bbox 1147 640 1390 674; x_wconf 82' lang='lat' dir='ltr'>Alexandrinis</span> <span class='ocrx_word' id='word_1_302' title='bbox 1422 640 1510 674; x_wconf 81' lang='lat' dir='ltr'>falso</span> <span class='ocrx_word' id='word_1_303' title='bbox 1545 641 1588 675; x_wconf 90' lang='lat' dir='ltr'>ab</span> <span class='ocrx_word' id='word_1_304' title='bbox 1621 642 1776 676; x_wconf 83' lang='lat' dir='ltr'>Arrianis</span> <span class='ocrx_word' id='word_1_305' title='bbox 1807 646 1859 676; x_wconf 87' lang='lat' dir='ltr'>tu-</span> 
     </span>
     <span class='ocr_line' id='line_1_61' title="bbox 1147 685 1859 730; baseline 0.006 -12"><span class='ocrx_word' id='word_1_306' title='bbox 1147 685 1276 718; x_wconf 90' lang='lat' dir='ltr'>multus</span> <span class='ocrx_word' id='word_1_307' title='bbox 1303 697 1405 719; x_wconf 84' lang='lat' dir='ltr'>causa</span> <span class='ocrx_word' id='word_1_308' title='bbox 1431 687 1634 730; x_wconf 76' lang='lat' dir='ltr'>imputatur,</span> <span class='ocrx_word' id='word_1_309' title='bbox 1661 698 1738 721; x_wconf 85' lang='lat' dir='ltr'>cum</span> <span class='ocrx_word' id='word_1_310' title='bbox 1757 688 1859 722; x_wconf 88' lang='lat' dir='ltr'>Geor-</span> 
     </span>
     <span class='ocr_line' id='line_1_62' title="bbox 1148 731 1858 776; baseline 0.006 -12"><span class='ocrx_word' id='word_1_311' title='bbox 1148 731 1223 774; x_wconf 70' lang='lat' dir='ltr'>gius</span> <span class='ocrx_word' id='word_1_312' title='bbox 1237 731 1472 765; x_wconf 74' lang='lat' dir='ltr'>intruderetur</span> <span class='ocrx_word' id='word_1_313' title='bbox 1487 733 1667 776; x_wconf 82' lang='lat' dir='ltr'>episcopus</span> <span class='ocrx_word' id='word_1_314' title='bbox 1684 736 1758 776; x_wconf 75' lang='lat' dir='ltr'>(cm.</span> <span class='ocrx_word' id='word_1_315' title='bbox 1773 736 1858 776; x_wconf 81' lang='lat'>356)</span> 
     </span>
     <span class='ocr_line' id='line_1_63' title="bbox 1150 777 1812 823; baseline 0.005 -13"><span class='ocrx_word' id='word_1_316' title='bbox 1150 777 1226 815; x_wconf 89' lang='grc'>188,</span> <span class='ocrx_word' id='word_1_317' title='bbox 1256 778 1295 811; x_wconf 90' lang='grc'>12</span> <span class='ocrx_word' id='word_1_318' title='bbox 1324 779 1385 821; x_wconf 77' lang='lat' dir='ltr'>(cf.</span> <span class='ocrx_word' id='word_1_319' title='bbox 1417 778 1488 812; x_wconf 81' lang='lat' dir='ltr'>Col.</span> <span class='ocrx_word' id='word_1_320' title='bbox 1514 782 1589 812; x_wconf 75' lang='lat' dir='ltr'>not.</span> <span class='ocrx_word' id='word_1_321' title='bbox 1613 790 1702 823; x_wconf 69' lang='lat' dir='ltr'>pay.</span> <span class='ocrx_word' id='word_1_322' title='bbox 1727 780 1812 822; x_wconf 76' lang='lat'>149)</span> 
     </span>
    </p>
   </div>
   <div class='ocr_carea' id='block_1_12' title="bbox 1101 895 1805 947">
    <p class='ocr_par' dir='ltr' id='par_1_20' title="bbox 1101 895 1805 947">
     <span class='ocr_line' id='line_1_64' title="bbox 1101 895 1805 947; baseline -0.001 -9"><span class='ocrx_word' id='word_1_323' title='bbox 1101 895 1327 947; x_wconf 82' lang='lat' dir='ltr'>Labandago</span> <span class='ocrx_word' id='word_1_324' title='bbox 1353 903 1521 936; x_wconf 86' lang='lat' dir='ltr'>tormenti</span> <span class='ocrx_word' id='word_1_325' title='bbox 1545 914 1654 947; x_wconf 86' lang='lat' dir='ltr'>genus</span> <span class='ocrx_word' id='word_1_326' title='bbox 1680 903 1758 943; x_wconf 85' lang='lat'>314,</span> <span class='ocrx_word' id='word_1_327' title='bbox 1785 904 1805 937; x_wconf 89' lang='lat'>3</span> 
     </span>
    </p>
   </div>
   <div class='ocr_carea' id='block_1_13' title="bbox 1063 949 1858 986">
    <p class='ocr_par' dir='ltr' id='par_1_21' title="bbox 1063 949 1858 986">
     <span class='ocr_line' id='line_1_65' title="bbox 1063 949 1858 986; baseline -0.003 -1"><span class='ocrx_word' id='word_1_328' title='bbox 1063 983 1065 986; x_wconf 28' lang='lat'><strong>⁴</strong></span> <span class='ocrx_word' id='word_1_329' title='bbox 1100 950 1212 984; x_wconf 89' lang='lat' dir='ltr'>libelli</span> <span class='ocrx_word' id='word_1_330' title='bbox 1237 949 1376 983; x_wconf 85' lang='lat' dir='ltr'>recitati</span> <span class='ocrx_word' id='word_1_331' title='bbox 1402 949 1532 982; x_wconf 84' lang='lat' dir='ltr'>Romae</span> <span class='ocrx_word' id='word_1_332' title='bbox 1559 960 1578 982; x_wconf 89' lang='lat' dir='ltr'>a</span> <span class='ocrx_word' id='word_1_333' title='bbox 1597 949 1804 984; x_wconf 89' lang='lat' dir='ltr'>Constantio</span> <span class='ocrx_word' id='word_1_334' title='bbox 1824 952 1858 983; x_wconf 91' lang='lat' dir='ltr'>et</span> 
     </span>
    </p>
   </div>
   <div class='ocr_carea' id='block_1_14' title="bbox 1100 994 1857 1630">
    <p class='ocr_par' dir='ltr' id='par_1_22' title="bbox 1146 994 1855 1075">
     <span class='ocr_line' id='line_1_66' title="bbox 1147 994 1855 1038; baseline -0.001 -9"><span class='ocrx_word' id='word_1_335' title='bbox 1147 996 1222 1029; x_wconf 88' lang='lat' dir='ltr'>dati</span> <span class='ocrx_word' id='word_1_336' title='bbox 1241 995 1409 1038; x_wconf 86' lang='lat' dir='ltr'>episcopis</span> <span class='ocrx_word' id='word_1_337' title='bbox 1436 994 1543 1027; x_wconf 88' lang='lat' dir='ltr'>etiam</span> <span class='ocrx_word' id='word_1_338' title='bbox 1568 994 1752 1028; x_wconf 77' lang='lat' dir='ltr'>catholicis</span> <span class='ocrx_word' id='word_1_339' title='bbox 1778 994 1855 1035; x_wconf 82' lang='lat'>212,</span> 
     </span>
     <span class='ocr_line' id='line_1_67' title="bbox 1146 1041 1190 1075; baseline -0.045 0"><span class='ocrx_word' id='word_1_340' title='bbox 1146 1041 1190 1075; x_wconf 84' lang='lat'>25</span> 
     </span>
    </p>

    <p class='ocr_par' dir='ltr' id='par_1_23' title="bbox 1100 1085 1857 1630">
     <span class='ocr_line' id='line_1_68' title="bbox 1100 1085 1856 1130; baseline -0.001 -10"><span class='ocrx_word' id='word_1_341' title='bbox 1100 1087 1258 1120; x_wconf 79' lang='lat' dir='ltr'>Liberius</span> <span class='ocrx_word' id='word_1_342' title='bbox 1288 1097 1379 1130; x_wconf 86' lang='lat' dir='ltr'>papa</span> <span class='ocrx_word' id='word_1_343' title='bbox 1413 1087 1594 1118; x_wconf 85' lang='lat' dir='ltr'>accusatur</span> <span class='ocrx_word' id='word_1_344' title='bbox 1625 1085 1715 1129; x_wconf 82' lang='lat' dir='ltr'>quod</span> <span class='ocrx_word' id='word_1_345' title='bbox 1749 1086 1856 1120; x_wconf 89' lang='lat' dir='ltr'>orien-</span> 
     </span>
     <span class='ocr_line' id='line_1_69' title="bbox 1145 1131 1856 1176; baseline -0.001 -10"><span class='ocrx_word' id='word_1_346' title='bbox 1145 1133 1269 1166; x_wconf 89' lang='lat' dir='ltr'>talium</span> <span class='ocrx_word' id='word_1_347' title='bbox 1295 1134 1330 1165; x_wconf 87' lang='lat' dir='ltr'>et</span> <span class='ocrx_word' id='word_1_348' title='bbox 1354 1131 1603 1175; x_wconf 77' lang='lat' dir='ltr'>Aegyptiorum</span> <span class='ocrx_word' id='word_1_349' title='bbox 1620 1131 1769 1172; x_wconf 70' lang='lat' dir='ltr'>lit-teras,</span> <span class='ocrx_word' id='word_1_350' title='bbox 1800 1132 1856 1176; x_wconf 91' lang='lat' dir='ltr'>qui</span> 
     </span>
     <span class='ocr_line' id='line_1_70' title="bbox 1144 1176 1857 1221; baseline -0.001 -9"><span class='ocrx_word' id='word_1_351' title='bbox 1144 1178 1376 1212; x_wconf 76' lang='lat' dir='ltr'>Athanasium</span> <span class='ocrx_word' id='word_1_352' title='bbox 1401 1176 1664 1220; x_wconf 79' lang='lat' dir='ltr'>danmauerant,</span> <span class='ocrx_word' id='word_1_353' title='bbox 1702 1187 1857 1221; x_wconf 85' lang='lat' dir='ltr'>suppres-</span> 
     </span>
     <span class='ocr_line' id='line_1_71' title="bbox 1145 1221 1856 1266; baseline -0.001 -9"><span class='ocrx_word' id='word_1_354' title='bbox 1145 1224 1229 1258; x_wconf 86' lang='lat' dir='ltr'>serit</span> <span class='ocrx_word' id='word_1_355' title='bbox 1254 1223 1332 1263; x_wconf 87' lang='lat'>328,</span> <span class='ocrx_word' id='word_1_356' title='bbox 1361 1222 1411 1256; x_wconf 89' lang='lat'>19.</span> <span class='ocrx_word' id='word_1_357' title='bbox 1450 1222 1538 1255; x_wconf 88' lang='lat' dir='ltr'>nihil</span> <span class='ocrx_word' id='word_1_358' title='bbox 1564 1221 1702 1255; x_wconf 84' lang='lat' dir='ltr'>addidit</span> <span class='ocrx_word' id='word_1_359' title='bbox 1728 1223 1856 1266; x_wconf 83' lang='lat' dir='ltr'>episco-</span> 
     </span>
     <span class='ocr_line' id='line_1_72' title="bbox 1142 1267 1857 1314; baseline -0.001 -11"><span class='ocrx_word' id='word_1_360' title='bbox 1142 1270 1241 1314; x_wconf 85' lang='lat' dir='ltr'>patui</span> <span class='ocrx_word' id='word_1_361' title='bbox 1277 1269 1371 1302; x_wconf 84' lang='lat' dir='ltr'>urbis</span> <span class='ocrx_word' id='word_1_362' title='bbox 1396 1268 1527 1301; x_wconf 85' lang='lat' dir='ltr'>Romae</span> <span class='ocrx_word' id='word_1_363' title='bbox 1565 1270 1599 1301; x_wconf 88' lang='lat' dir='ltr'>et</span> <span class='ocrx_word' id='word_1_364' title='bbox 1631 1267 1718 1301; x_wconf 89' lang='lat' dir='ltr'>nihil</span> <span class='ocrx_word' id='word_1_365' title='bbox 1749 1269 1857 1302; x_wconf 90' lang='lat' dir='ltr'>minui</span> 
     </span>
     <span class='ocr_line' id='line_1_73' title="bbox 1142 1312 1854 1359; baseline -0.003 -10"><span class='ocrx_word' id='word_1_366' title='bbox 1142 1326 1265 1359; x_wconf 82' lang='lat' dir='ltr'>passus</span> <span class='ocrx_word' id='word_1_367' title='bbox 1291 1316 1344 1348; x_wconf 86' lang='lat' dir='ltr'>est</span> <span class='ocrx_word' id='word_1_368' title='bbox 1361 1313 1440 1355; x_wconf 83' lang='lat'>329,</span> <span class='ocrx_word' id='word_1_369' title='bbox 1460 1313 1513 1346; x_wconf 91' lang='grc'>21.</span> <span class='ocrx_word' id='word_1_370' title='bbox 1539 1312 1668 1346; x_wconf 87' lang='lat' dir='ltr'>frustra</span> <span class='ocrx_word' id='word_1_371' title='bbox 1685 1324 1746 1357; x_wconf 86' lang='lat' dir='ltr'>per</span> <span class='ocrx_word' id='word_1_372' title='bbox 1762 1314 1854 1357; x_wconf 84' lang='lat' dir='ltr'>lega-</span> 
     </span>
     <span class='ocr_line' id='line_1_74' title="bbox 1142 1358 1856 1402; baseline -0.003 -7"><span class='ocrx_word' id='word_1_373' title='bbox 1142 1365 1197 1395; x_wconf 88' lang='lat' dir='ltr'>tos</span> <span class='ocrx_word' id='word_1_374' title='bbox 1223 1371 1299 1394; x_wconf 90' lang='lat' dir='ltr'>cum</span> <span class='ocrx_word' id='word_1_375' title='bbox 1336 1358 1562 1393; x_wconf 82' lang='lat' dir='ltr'>orientalibus</span> <span class='ocrx_word' id='word_1_376' title='bbox 1594 1359 1668 1402; x_wconf 82' lang='lat' dir='ltr'>agit</span> <span class='ocrx_word' id='word_1_377' title='bbox 1698 1360 1775 1399; x_wconf 82' lang='lat'>330,</span> <span class='ocrx_word' id='word_1_378' title='bbox 1805 1360 1856 1393; x_wconf 92' lang='grc'>17.</span> 
     </span>
     <span class='ocr_line' id='line_1_75' title="bbox 1143 1404 1856 1442; baseline -0.003 -1"><span class='ocrx_word' id='word_1_379' title='bbox 1143 1406 1351 1442; x_wconf 85' lang='lat' dir='ltr'>Constantio</span> <span class='ocrx_word' id='word_1_380' title='bbox 1383 1404 1424 1438; x_wconf 83' lang='lat' dir='ltr'>de</span> <span class='ocrx_word' id='word_1_381' title='bbox 1456 1404 1677 1438; x_wconf 83' lang='lat' dir='ltr'>conuocando</span> <span class='ocrx_word' id='word_1_382' title='bbox 1712 1405 1856 1439; x_wconf 87' lang='lat' dir='ltr'>concilio</span> 
     </span>
     <span class='ocr_line' id='line_1_76' title="bbox 1143 1450 1855 1494; baseline -0.004 -8"><span class='ocrx_word' id='word_1_383' title='bbox 1143 1455 1219 1494; x_wconf 71' lang='lat' dir='ltr'>(au.</span> <span class='ocrx_word' id='word_1_384' title='bbox 1245 1453 1329 1494; x_wconf 79' lang='lat'>355)</span> <span class='ocrx_word' id='word_1_385' title='bbox 1357 1450 1477 1484; x_wconf 75' lang='lat' dir='ltr'>scribit</span> <span class='ocrx_word' id='word_1_386' title='bbox 1511 1450 1587 1489; x_wconf 71' lang='lat'>327,</span> <span class='ocrx_word' id='word_1_387' title='bbox 1618 1450 1670 1483; x_wconf 94' lang='grc'>18.</span> <span class='ocrx_word' id='word_1_388' title='bbox 1708 1450 1753 1483; x_wconf 88' lang='lat' dir='ltr'>ad</span> <span class='ocrx_word' id='word_1_389' title='bbox 1779 1461 1855 1484; x_wconf 87' lang='lat' dir='ltr'>eum</span> 
     </span>
     <span class='ocr_line' id='line_1_77' title="bbox 1140 1495 1854 1531; baseline -0.003 0"><span class='ocrx_word' id='word_1_390' title='bbox 1140 1497 1337 1531; x_wconf 83' lang='lat' dir='ltr'>Luciferum</span> <span class='ocrx_word' id='word_1_391' title='bbox 1361 1507 1438 1530; x_wconf 89' lang='lat' dir='ltr'>cum</span> <span class='ocrx_word' id='word_1_392' title='bbox 1454 1495 1641 1529; x_wconf 84' lang='lat' dir='ltr'>Pancratio</span> <span class='ocrx_word' id='word_1_393' title='bbox 1669 1497 1703 1529; x_wconf 90' lang='lat' dir='ltr'>et</span> <span class='ocrx_word' id='word_1_394' title='bbox 1720 1495 1854 1529; x_wconf 86' lang='lat' dir='ltr'>Hilario</span> 
     </span>
     <span class='ocr_line' id='line_1_78' title="bbox 1140 1541 1855 1585; baseline -0.003 -8"><span class='ocrx_word' id='word_1_395' title='bbox 1140 1544 1252 1577; x_wconf 88' lang='lat' dir='ltr'>mittit</span> <span class='ocrx_word' id='word_1_396' title='bbox 1268 1543 1345 1583; x_wconf 88' lang='lat'>331,</span> <span class='ocrx_word' id='word_1_397' title='bbox 1374 1542 1414 1575; x_wconf 83' lang='lat'>17</span> <span class='ocrx_word' id='word_1_398' title='bbox 1444 1542 1505 1584; x_wconf 77' lang='lat' dir='ltr'>(cf.</span> <span class='ocrx_word' id='word_1_399' title='bbox 1531 1542 1608 1577; x_wconf 84' lang='lat'>319.</span> <span class='ocrx_word' id='word_1_400' title='bbox 1637 1541 1702 1585; x_wconf 74' lang='lat'>15).</span> <span class='ocrx_word' id='word_1_401' title='bbox 1736 1541 1855 1575; x_wconf 85' lang='lat' dir='ltr'>scribit</span> 
     </span>
     <span class='ocr_line' id='line_1_79' title="bbox 1140 1587 1748 1630; baseline -0.007 -7"><span class='ocrx_word' id='word_1_402' title='bbox 1140 1588 1297 1623; x_wconf 87' lang='lat' dir='ltr'>Lucifero</span> <span class='ocrx_word' id='word_1_403' title='bbox 1325 1587 1432 1622; x_wconf 82' lang='lat' dir='ltr'>exsuli</span> <span class='ocrx_word' id='word_1_404' title='bbox 1458 1587 1600 1630; x_wconf 88' lang='lat' dir='ltr'>aliisque</span> <span class='ocrx_word' id='word_1_405' title='bbox 1626 1587 1704 1626; x_wconf 83' lang='lat'>320,</span> <span class='ocrx_word' id='word_1_406' title='bbox 1733 1588 1748 1620; x_wconf 94' lang='lat'>1</span> 
     </span>
    </p>
   </div>
   <div class='ocr_carea' id='block_1_15' title="bbox 1058 1632 1853 1688">
    <p class='ocr_par' dir='ltr' id='par_1_24' title="bbox 1058 1632 1853 1688">
     <span class='ocr_line' id='line_1_80' title="bbox 1058 1632 1853 1688; baseline -0.004 -19"><span class='ocrx_word' id='word_1_407' title='bbox 1058 1676 1060 1688; x_wconf 40' lang='grc' dir='ltr'>ἰ</span> <span class='ocrx_word' id='word_1_408' title='bbox 1095 1634 1232 1669; x_wconf 75' lang='lat' dir='ltr'>Lucifer</span> <span class='ocrx_word' id='word_1_409' title='bbox 1264 1634 1308 1668; x_wconf 88' lang='lat' dir='ltr'>ad</span> <span class='ocrx_word' id='word_1_410' title='bbox 1339 1633 1528 1667; x_wconf 86' lang='lat' dir='ltr'>Eusebium</span> <span class='ocrx_word' id='word_1_411' title='bbox 1559 1632 1730 1665; x_wconf 70' lang='lat' dir='ltr'>Vercellas</span> <span class='ocrx_word' id='word_1_412' title='bbox 1755 1634 1853 1666; x_wconf 90' lang='lat' dir='ltr'>uenit</span> 
     </span>
    </p>
   </div>
   <div class='ocr_carea' id='block_1_16' title="bbox 1142 1678 1853 2037">
    <p class='ocr_par' dir='ltr' id='par_1_25' title="bbox 1142 1678 1853 2037">
     <span class='ocr_line' id='line_1_81' title="bbox 1142 1678 1853 1721; baseline -0.003 -7"><span class='ocrx_word' id='word_1_413' title='bbox 1142 1681 1219 1720; x_wconf 85' lang='lat'>319,</span> <span class='ocrx_word' id='word_1_414' title='bbox 1240 1680 1292 1714; x_wconf 74' lang='lat'>15.</span> <span class='ocrx_word' id='word_1_415' title='bbox 1312 1679 1357 1713; x_wconf 88' lang='lat' dir='ltr'>ad</span> <span class='ocrx_word' id='word_1_416' title='bbox 1376 1678 1522 1713; x_wconf 85' lang='lat' dir='ltr'>eundem</span> <span class='ocrx_word' id='word_1_417' title='bbox 1540 1678 1724 1721; x_wconf 75' lang='lat' dir='ltr'>epistulam</span> <span class='ocrx_word' id='word_1_418' title='bbox 1742 1679 1853 1712; x_wconf 86' lang='lat' dir='ltr'>mittit</span> 
     </span>
     <span class='ocr_line' id='line_1_82' title="bbox 1143 1723 1852 1760; baseline -0.004 0"><span class='ocrx_word' id='word_1_419' title='bbox 1143 1726 1187 1760; x_wconf 89' lang='lat' dir='ltr'>ad</span> <span class='ocrx_word' id='word_1_420' title='bbox 1213 1726 1395 1759; x_wconf 84' lang='lat' dir='ltr'>concilium</span> <span class='ocrx_word' id='word_1_421' title='bbox 1426 1723 1689 1758; x_wconf 79' lang='lat' dir='ltr'>Mediolanense</span> <span class='ocrx_word' id='word_1_422' title='bbox 1726 1724 1852 1757; x_wconf 88' lang='lat' dir='ltr'>inuita-</span> 
     </span>
     <span class='ocr_line' id='line_1_83' title="bbox 1142 1769 1852 1810; baseline -0.004 -4"><span class='ocrx_word' id='word_1_423' title='bbox 1142 1774 1240 1806; x_wconf 88' lang='lat' dir='ltr'>turus</span> <span class='ocrx_word' id='word_1_424' title='bbox 1266 1771 1344 1810; x_wconf 82' lang='lat'>319,</span> <span class='ocrx_word' id='word_1_425' title='bbox 1373 1771 1401 1804; x_wconf 89' lang='grc'>7.</span> <span class='ocrx_word' id='word_1_426' title='bbox 1444 1769 1487 1803; x_wconf 91' lang='lat' dir='ltr'>ad</span> <span class='ocrx_word' id='word_1_427' title='bbox 1513 1769 1695 1802; x_wconf 84' lang='lat' dir='ltr'>concilium</span> <span class='ocrx_word' id='word_1_428' title='bbox 1722 1769 1852 1803; x_wconf 85' lang='lat' dir='ltr'>Liberii</span> 
     </span>
     <span class='ocr_line' id='line_1_84' title="bbox 1142 1815 1852 1861; baseline -0.001 -12"><span class='ocrx_word' id='word_1_429' title='bbox 1142 1828 1253 1861; x_wconf 87' lang='lat' dir='ltr'>papae</span> <span class='ocrx_word' id='word_1_430' title='bbox 1279 1817 1416 1860; x_wconf 86' lang='lat' dir='ltr'>legatus</span> <span class='ocrx_word' id='word_1_431' title='bbox 1442 1826 1518 1849; x_wconf 87' lang='lat' dir='ltr'>cum</span> <span class='ocrx_word' id='word_1_432' title='bbox 1543 1815 1675 1848; x_wconf 86' lang='lat' dir='ltr'>Hilario</span> <span class='ocrx_word' id='word_1_433' title='bbox 1703 1821 1738 1848; x_wconf 85' lang='lat' dir='ltr'>et</span> <span class='ocrx_word' id='word_1_434' title='bbox 1763 1815 1852 1848; x_wconf 87' lang='lat' dir='ltr'>Pan-</span> 
     </span>
     <span class='ocr_line' id='line_1_85' title="bbox 1143 1860 1852 1900; baseline -0.004 -4"><span class='ocrx_word' id='word_1_435' title='bbox 1143 1863 1250 1897; x_wconf 88' lang='lat' dir='ltr'>cratio</span> <span class='ocrx_word' id='word_1_436' title='bbox 1269 1863 1422 1896; x_wconf 85' lang='lat' dir='ltr'>mittitur</span> <span class='ocrx_word' id='word_1_437' title='bbox 1447 1861 1522 1899; x_wconf 73' lang='lat'>168,</span> <span class='ocrx_word' id='word_1_438' title='bbox 1543 1861 1594 1894; x_wconf 76' lang='grc'>14.</span> <span class='ocrx_word' id='word_1_439' title='bbox 1621 1861 1697 1900; x_wconf 90' lang='lat'>331,</span> <span class='ocrx_word' id='word_1_440' title='bbox 1727 1861 1778 1894; x_wconf 85' lang='grc'>17.</span> <span class='ocrx_word' id='word_1_441' title='bbox 1803 1860 1852 1893; x_wconf 92' lang='lat' dir='ltr'>ibi</span> 
     </span>
     <span class='ocr_line' id='line_1_86' title="bbox 1144 1905 1851 1950; baseline -0.007 -6"><span class='ocrx_word' id='word_1_442' title='bbox 1144 1908 1351 1944; x_wconf 78' lang='lat' dir='ltr'>Constantio</span> <span class='ocrx_word' id='word_1_443' title='bbox 1376 1910 1560 1950; x_wconf 83' lang='lat' dir='ltr'>praesente</span> <span class='ocrx_word' id='word_1_444' title='bbox 1577 1905 1716 1939; x_wconf 84' lang='lat' dir='ltr'>fortiter</span> <span class='ocrx_word' id='word_1_445' title='bbox 1732 1906 1851 1950; x_wconf 80' lang='lat' dir='ltr'>inpug-</span> 
     </span>
     <span class='ocr_line' id='line_1_87' title="bbox 1142 1951 1852 1988; baseline -0.003 -1"><span class='ocrx_word' id='word_1_446' title='bbox 1142 1956 1204 1987; x_wconf 87' lang='lat' dir='ltr'>nat</span> <span class='ocrx_word' id='word_1_447' title='bbox 1228 1954 1399 1987; x_wconf 77' lang='lat' dir='ltr'>haeresim</span> <span class='ocrx_word' id='word_1_448' title='bbox 1424 1953 1619 1988; x_wconf 83' lang='lat' dir='ltr'>Arrianam,</span> <span class='ocrx_word' id='word_1_449' title='bbox 1646 1951 1852 1985; x_wconf 85' lang='lat' dir='ltr'>catholicam</span> 
     </span>
     <span class='ocr_line' id='line_1_88' title="bbox 1142 1997 1850 2037; baseline -0.003 -4"><span class='ocrx_word' id='word_1_450' title='bbox 1142 2000 1247 2033; x_wconf 86' lang='lat' dir='ltr'>fidem</span> <span class='ocrx_word' id='word_1_451' title='bbox 1289 1998 1446 2032; x_wconf 74' lang='lat' dir='ltr'>defendit</span> <span class='ocrx_word' id='word_1_452' title='bbox 1482 1998 1559 2033; x_wconf 87' lang='grc'>291.</span> <span class='ocrx_word' id='word_1_453' title='bbox 1592 1998 1644 2031; x_wconf 89' lang='grc'>20.</span> <span class='ocrx_word' id='word_1_454' title='bbox 1685 1997 1762 2037; x_wconf 83' lang='grc'>292,</span> <span class='ocrx_word' id='word_1_455' title='bbox 1799 1997 1850 2031; x_wconf 91' lang='grc'>10.</span> 
     </span>
    </p>
   </div>
   <div class='ocr_carea' id='block_1_17' title="bbox 1141 2043 1850 2172">
    <p class='ocr_par' dir='ltr' id='par_1_26' title="bbox 1141 2043 1850 2172">
     <span class='ocr_line' id='line_1_89' title="bbox 1143 2043 1850 2086; baseline -0.006 -6"><span class='ocrx_word' id='word_1_456' title='bbox 1143 2045 1400 2080; x_wconf 79' lang='lat' dir='ltr'>Constantium.</span> <span class='ocrx_word' id='word_1_457' title='bbox 1445 2043 1566 2076; x_wconf 88' lang='lat' dir='ltr'>statim</span> <span class='ocrx_word' id='word_1_458' title='bbox 1590 2049 1629 2076; x_wconf 87' lang='lat' dir='ltr'>ut</span> <span class='ocrx_word' id='word_1_459' title='bbox 1654 2043 1712 2076; x_wconf 94' lang='grc'>1110</span> <span class='ocrx_word' id='word_1_460' title='bbox 1737 2043 1850 2086; x_wconf 85' lang='lat' dir='ltr'>coepit</span> 
     </span>
     <span class='ocr_line' id='line_1_90' title="bbox 1142 2089 1849 2134; baseline -0.004 -10"><span class='ocrx_word' id='word_1_461' title='bbox 1142 2091 1311 2134; x_wconf 81' lang='lat' dir='ltr'>episcopis</span> <span class='ocrx_word' id='word_1_462' title='bbox 1374 2090 1539 2133; x_wconf 86' lang='lat' dir='ltr'>inponere</span> <span class='ocrx_word' id='word_1_463' title='bbox 1605 2089 1849 2122; x_wconf 84' lang='lat' dir='ltr'>necessitatem</span> 
     </span>
     <span class='ocr_line' id='line_1_91' title="bbox 1141 2134 1849 2172; baseline -0.004 -2"><span class='ocrx_word' id='word_1_464' title='bbox 1141 2135 1331 2170; x_wconf 85' lang='lat' dir='ltr'>damnandi</span> <span class='ocrx_word' id='word_1_465' title='bbox 1379 2136 1560 2169; x_wconf 83' lang='lat' dir='ltr'>absentem</span> <span class='ocrx_word' id='word_1_466' title='bbox 1606 2134 1849 2172; x_wconf 86' lang='lat' dir='ltr'>Athanasium,</span> 
     </span>
    </p>
   </div>
   <div class='ocr_carea' id='block_1_18' title="bbox 1134 2178 1849 2907">
    <p class='ocr_par' dir='ltr' id='par_1_27' title="bbox 1134 2178 1849 2907">
     <span class='ocr_line' id='line_1_92' title="bbox 1141 2178 1849 2225; baseline -0.004 -10"><span class='ocrx_word' id='word_1_467' title='bbox 1141 2182 1342 2225; x_wconf 77' lang='lat' dir='ltr'>aggreditur</span> <span class='ocrx_word' id='word_1_468' title='bbox 1357 2181 1433 2218; x_wconf 80' lang='grc'>168,</span> <span class='ocrx_word' id='word_1_469' title='bbox 1454 2181 1495 2214; x_wconf 89' lang='grc'>12</span> <span class='ocrx_word' id='word_1_470' title='bbox 1511 2182 1545 2213; x_wconf 90' lang='lat' dir='ltr'>et</span> <span class='ocrx_word' id='word_1_471' title='bbox 1562 2179 1701 2223; x_wconf 84' lang='lat' dir='ltr'>Georgii</span> <span class='ocrx_word' id='word_1_472' title='bbox 1715 2178 1849 2213; x_wconf 89' lang='lat' dir='ltr'>ordina-</span> 
     </span>
     <span class='ocr_line' id='line_1_93' title="bbox 1140 2225 1847 2266; baseline -0.006 -5"><span class='ocrx_word' id='word_1_473' title='bbox 1140 2228 1229 2261; x_wconf 86' lang='lat' dir='ltr'>tioni</span> <span class='ocrx_word' id='word_1_474' title='bbox 1254 2227 1386 2261; x_wconf 83' lang='lat' dir='ltr'>resistit</span> <span class='ocrx_word' id='word_1_475' title='bbox 1404 2226 1458 2266; x_wconf 88' lang='grc'>82,</span> <span class='ocrx_word' id='word_1_476' title='bbox 1479 2226 1531 2259; x_wconf 84' lang='grc'>13.</span> <span class='ocrx_word' id='word_1_477' title='bbox 1557 2225 1635 2259; x_wconf 83' lang='lat' dir='ltr'>ideo</span> <span class='ocrx_word' id='word_1_478' title='bbox 1654 2227 1689 2258; x_wconf 87' lang='lat' dir='ltr'>in</span> <span class='ocrx_word' id='word_1_479' title='bbox 1711 2225 1847 2258; x_wconf 80' lang='lat' dir='ltr'>exilium</span> 
     </span>
     <span class='ocr_line' id='line_1_94' title="bbox 1138 2270 1848 2311; baseline -0.004 -5"><span class='ocrx_word' id='word_1_480' title='bbox 1138 2274 1291 2307; x_wconf 84' lang='lat' dir='ltr'>mittit-ur</span> <span class='ocrx_word' id='word_1_481' title='bbox 1321 2273 1369 2310; x_wconf 87' lang='grc'>12.</span> <span class='ocrx_word' id='word_1_482' title='bbox 1398 2272 1449 2306; x_wconf 88' lang='grc'>18.</span> <span class='ocrx_word' id='word_1_483' title='bbox 1475 2272 1529 2307; x_wconf 87' lang='grc'>82,</span> <span class='ocrx_word' id='word_1_484' title='bbox 1558 2272 1610 2304; x_wconf 86' lang='grc'>13.</span> <span class='ocrx_word' id='word_1_485' title='bbox 1636 2270 1713 2311; x_wconf 84' lang='grc'>320,</span> <span class='ocrx_word' id='word_1_486' title='bbox 1740 2273 1770 2310; x_wconf 84' lang='lat'>9,</span> <span class='ocrx_word' id='word_1_487' title='bbox 1805 2270 1848 2304; x_wconf 88' lang='lat' dir='ltr'>ad</span> 
     </span>
     <span class='ocr_line' id='line_1_95' title="bbox 1138 2316 1845 2355; baseline -0.004 -3"><span class='ocrx_word' id='word_1_488' title='bbox 1138 2318 1330 2352; x_wconf 81' lang='lat' dir='ltr'>Eudoxium</span> <span class='ocrx_word' id='word_1_489' title='bbox 1368 2317 1699 2352; x_wconf 87' lang='lat' dir='ltr'>Germaniciensium</span> <span class='ocrx_word' id='word_1_490' title='bbox 1735 2316 1790 2355; x_wconf 89' lang='lat'>81,</span> <span class='ocrx_word' id='word_1_491' title='bbox 1815 2316 1845 2350; x_wconf 83' lang='lat'>4.</span> 
     </span>
     <span class='ocr_line' id='line_1_96' title="bbox 1138 2361 1847 2406; baseline -0.004 -9"><span class='ocrx_word' id='word_1_492' title='bbox 1138 2369 1322 2398; x_wconf 76' lang='lat' dir='ltr'>contumax</span> <span class='ocrx_word' id='word_1_493' title='bbox 1348 2365 1383 2397; x_wconf 89' lang='lat' dir='ltr'>et</span> <span class='ocrx_word' id='word_1_494' title='bbox 1407 2362 1573 2406; x_wconf 89' lang='lat' dir='ltr'>superbus</span> <span class='ocrx_word' id='word_1_495' title='bbox 1606 2362 1649 2395; x_wconf 89' lang='lat' dir='ltr'>ab</span> <span class='ocrx_word' id='word_1_496' title='bbox 1677 2372 1715 2395; x_wconf 89' lang='lat' dir='ltr'>eo</span> <span class='ocrx_word' id='word_1_497' title='bbox 1741 2361 1847 2394; x_wconf 91' lang='lat' dir='ltr'>nomi-</span> 
     </span>
     <span class='ocr_line' id='line_1_97' title="bbox 1137 2406 1846 2452; baseline -0.006 -9"><span class='ocrx_word' id='word_1_498' title='bbox 1137 2412 1241 2443; x_wconf 86' lang='lat' dir='ltr'>natur</span> <span class='ocrx_word' id='word_1_499' title='bbox 1260 2410 1319 2452; x_wconf 81' lang='lat' dir='ltr'>(cf.</span> <span class='ocrx_word' id='word_1_500' title='bbox 1340 2408 1591 2450; x_wconf 87' lang='lat' dir='ltr'>Constantius).</span> <span class='ocrx_word' id='word_1_501' title='bbox 1618 2407 1724 2441; x_wconf 85' lang='lat' dir='ltr'>etiam</span> <span class='ocrx_word' id='word_1_502' title='bbox 1740 2406 1846 2440; x_wconf 86' lang='lat' dir='ltr'>falsos</span> 
     </span>
     <span class='ocr_line' id='line_1_98' title="bbox 1135 2451 1846 2497; baseline -0.006 -8"><span class='ocrx_word' id='word_1_503' title='bbox 1135 2455 1260 2489; x_wconf 86' lang='lat' dir='ltr'>fratres</span> <span class='ocrx_word' id='word_1_504' title='bbox 1297 2455 1453 2488; x_wconf 90' lang='lat' dir='ltr'>inimicos</span> <span class='ocrx_word' id='word_1_505' title='bbox 1487 2455 1644 2497; x_wconf 83' lang='lat' dir='ltr'>expertus</span> <span class='ocrx_word' id='word_1_506' title='bbox 1682 2455 1734 2486; x_wconf 90' lang='lat' dir='ltr'>est</span> <span class='ocrx_word' id='word_1_507' title='bbox 1770 2451 1846 2491; x_wconf 87' lang='grc'>320,</span> 
     </span>
     <span class='ocr_line' id='line_1_99' title="bbox 1137 2498 1846 2544; baseline -0.004 -10"><span class='ocrx_word' id='word_1_508' title='bbox 1137 2502 1190 2535; x_wconf 82' lang='lat'>24.</span> <span class='ocrx_word' id='word_1_509' title='bbox 1227 2501 1383 2544; x_wconf 84' lang='lat' dir='ltr'>martyrii</span> <span class='ocrx_word' id='word_1_510' title='bbox 1414 2499 1560 2543; x_wconf 80' lang='lat' dir='ltr'>gloriam</span> <span class='ocrx_word' id='word_1_511' title='bbox 1596 2498 1663 2542; x_wconf 88' lang='lat' dir='ltr'>ipsi</span> <span class='ocrx_word' id='word_1_512' title='bbox 1695 2498 1846 2542; x_wconf 83' lang='lat' dir='ltr'>denegat</span> 
     </span>
     <span class='ocr_line' id='line_1_100' title="bbox 1137 2543 1845 2587; baseline -0.003 -7"><span class='ocrx_word' id='word_1_513' title='bbox 1137 2546 1367 2581; x_wconf 88' lang='lat' dir='ltr'>Constantius</span> <span class='ocrx_word' id='word_1_514' title='bbox 1404 2546 1482 2585; x_wconf 84' lang='lat'>236,</span> <span class='ocrx_word' id='word_1_515' title='bbox 1508 2544 1562 2579; x_wconf 74' lang='grc'>25.</span> <span class='ocrx_word' id='word_1_516' title='bbox 1599 2543 1677 2584; x_wconf 91' lang='grc'>298,</span> <span class='ocrx_word' id='word_1_517' title='bbox 1704 2544 1734 2578; x_wconf 92' lang='lat'>2.</span> <span class='ocrx_word' id='word_1_518' title='bbox 1768 2545 1845 2587; x_wconf 89' lang='grc'>300,</span> 
     </span>
     <span class='ocr_line' id='line_1_101' title="bbox 1137 2590 1844 2633; baseline -0.004 -7"><span class='ocrx_word' id='word_1_519' title='bbox 1137 2592 1188 2626; x_wconf 90' lang='grc'>13.</span> <span class='ocrx_word' id='word_1_520' title='bbox 1227 2591 1398 2625; x_wconf 83' lang='lat' dir='ltr'>exsulanti</span> <span class='ocrx_word' id='word_1_521' title='bbox 1429 2590 1586 2624; x_wconf 74' lang='lat' dir='ltr'>Lucifero</span> <span class='ocrx_word' id='word_1_522' title='bbox 1621 2590 1779 2633; x_wconf 90' lang='lat' dir='ltr'>episcopo</span> <span class='ocrx_word' id='word_1_523' title='bbox 1810 2592 1844 2624; x_wconf 89' lang='lat' dir='ltr'>et</span> 
     </span>
     <span class='ocr_line' id='line_1_102' title="bbox 1135 2635 1843 2674; baseline -0.004 -3"><span class='ocrx_word' id='word_1_524' title='bbox 1135 2637 1325 2671; x_wconf 84' lang='lat' dir='ltr'>confessori</span> <span class='ocrx_word' id='word_1_525' title='bbox 1360 2636 1574 2670; x_wconf 85' lang='lat' dir='ltr'>Athanasius</span> <span class='ocrx_word' id='word_1_526' title='bbox 1611 2635 1731 2668; x_wconf 88' lang='lat' dir='ltr'>scribit</span> <span class='ocrx_word' id='word_1_527' title='bbox 1766 2635 1843 2674; x_wconf 87' lang='grc'>322,</span> 
     </span>
     <span class='ocr_line' id='line_1_103' title="bbox 1136 2682 1842 2721; baseline -0.004 -4"><span class='ocrx_word' id='word_1_528' title='bbox 1136 2683 1188 2717; x_wconf 88' lang='grc'>14.</span> <span class='ocrx_word' id='word_1_529' title='bbox 1206 2683 1284 2721; x_wconf 89' lang='grc'>324,</span> <span class='ocrx_word' id='word_1_530' title='bbox 1303 2682 1333 2717; x_wconf 89' lang='grc'>2.</span> <span class='ocrx_word' id='word_1_531' title='bbox 1354 2682 1448 2716; x_wconf 83' lang='lat' dir='ltr'>exsul</span> <span class='ocrx_word' id='word_1_532' title='bbox 1465 2682 1590 2714; x_wconf 89' lang='lat' dir='ltr'>librum</span> <span class='ocrx_word' id='word_1_533' title='bbox 1610 2682 1653 2715; x_wconf 77' lang='lat' dir='ltr'>de</span> <span class='ocrx_word' id='word_1_534' title='bbox 1670 2692 1745 2714; x_wconf 69' lang='lat' dir='ltr'>non</span> <span class='ocrx_word' id='word_1_535' title='bbox 1762 2692 1842 2715; x_wconf 71' lang='lat' dir='ltr'>con·</span> 
     </span>
     <span class='ocr_line' id='line_1_104' title="bbox 1134 2727 1842 2770; baseline -0.004 -8"><span class='ocrx_word' id='word_1_536' title='bbox 1134 2729 1316 2763; x_wconf 67' lang='lat' dir='ltr'>ueniendo</span> <span class='ocrx_word' id='word_1_537' title='bbox 1342 2739 1424 2762; x_wconf 73' lang='lat' dir='ltr'>cum</span> <span class='ocrx_word' id='word_1_538' title='bbox 1448 2727 1643 2760; x_wconf 69' lang='lat' dir='ltr'>haereticis</span> <span class='ocrx_word' id='word_1_539' title='bbox 1670 2727 1842 2770; x_wconf 89' lang='lat' dir='ltr'>componit</span> 
     </span>
     <span class='ocr_line' id='line_1_105' title="bbox 1136 2773 1842 2816; baseline -0.003 -9"><span class='ocrx_word' id='word_1_540' title='bbox 1136 2775 1189 2814; x_wconf 82' lang='lat'>12,</span> <span class='ocrx_word' id='word_1_541' title='bbox 1225 2774 1265 2807; x_wconf 90' lang='lat'>18</span> <span class='ocrx_word' id='word_1_542' title='bbox 1304 2773 1366 2816; x_wconf 82' lang='lat' dir='ltr'>(ef.</span> <span class='ocrx_word' id='word_1_543' title='bbox 1397 2773 1503 2807; x_wconf 71' lang='lat' dir='ltr'>Colat.</span> <span class='ocrx_word' id='word_1_544' title='bbox 1541 2776 1616 2806; x_wconf 69' lang='lat' dir='ltr'>not.</span> <span class='ocrx_word' id='word_1_545' title='bbox 1648 2783 1735 2816; x_wconf 73' lang='lat' dir='ltr'>pay.</span> <span class='ocrx_word' id='word_1_546' title='bbox 1771 2774 1842 2814; x_wconf 87' lang='lat'>11).</span> 
     </span>
     <span class='ocr_line' id='line_1_106' title="bbox 1134 2817 1842 2861; baseline -0.006 -7"><span class='ocrx_word' id='word_1_547' title='bbox 1134 2820 1341 2855; x_wconf 87' lang='lat' dir='ltr'>Constantio</span> <span class='ocrx_word' id='word_1_548' title='bbox 1366 2829 1476 2861; x_wconf 84' lang='lat' dir='ltr'>neque</span> <span class='ocrx_word' id='word_1_549' title='bbox 1494 2817 1717 2851; x_wconf 86' lang='lat' dir='ltr'>crudeliorem</span> <span class='ocrx_word' id='word_1_550' title='bbox 1735 2828 1842 2861; x_wconf 88' lang='lat' dir='ltr'>neque</span> 
     </span>
     <span class='ocr_line' id='line_1_107' title="bbox 1134 2863 1841 2907; baseline -0.006 -8"><span class='ocrx_word' id='word_1_551' title='bbox 1134 2864 1432 2899; x_wconf 83' lang='lat' dir='ltr'>detestabiliorem</span> <span class='ocrx_word' id='word_1_552' title='bbox 1446 2874 1555 2907; x_wconf 85' lang='lat' dir='ltr'>neque</span> <span class='ocrx_word' id='word_1_553' title='bbox 1569 2863 1605 2896; x_wconf 93' lang='lat' dir='ltr'>in</span> <span class='ocrx_word' id='word_1_554' title='bbox 1619 2863 1841 2907; x_wconf 86' lang='lat' dir='ltr'>blasphemiis</span> 
     </span>
    </p>
   </div>
  </div>
 </body>
</html>
